2564 4200
117 311 247 378 uerso]
553 311 740 363 ennomus

149 507 194 574 1⁶5
222 495 424 558 Exsternata
439 494 535 571 malo,
553 514 638 578 quae
654 494 755 557 nullis
772 494 927 557 sensibus
944 504 1062 558 auctae

222 599 294 662 Nec
311 599 429 662 missas
445 599 559 662 audire
575 608 703 682 queunt
720 619 781 663 nec
799 599 938 662 reddere
955 598 1080 661 uoces?

222 702 283 766 Ille
299 712 411 766 autem
427 723 531 785 prope
547 703 612 766 iarn
629 702 748 766 mediis
765 711 918 766 uersatur
933 702 967 764 in
984 702 1089 777 undis,

221 807 295 870 Nec
311 806 487 889 quisquam
503 807 641 888 adparet
658 826 763 871 uacua
779 806 927 868 mortalis
944 805 979 868 in
995 805 1077 888 alga.

221 910 278 974 Sic
295 910 393 974 nimis
410 911 575 974 insultans
592 920 741 974 extremo
757 919 908 991 tempore
924 929 1024 972 saeua

148 1043 195 1092 170
222 1015 305 1078 Fors
323 1015 423 1078 etiam
441 1016 564 1078 nostris
581 1015 700 1078 inuidit
717 1015 892 1098 questibus
907 1014 1004 1077 auris

221 1119 370 1201 Iuppiter
386 1118 609 1200 omnipotens,
628 1119 756 1182 utinam
773 1139 815 1181 ne
831 1127 981 1200 tempore
997 1117 1103 1199 primo

221 1223 347 1286 Gnosia
360 1223 541 1304 Cecropiae
557 1223 748 1305 tetigissent
765 1222 862 1285 litora
879 1241 1017 1304 puppes,

221 1326 389 1390 Indomito
402 1347 465 1390 nec
480 1327 552 1390 dira
567 1327 679 1390 ferens
696 1326 862 1408 stipendia
877 1336 974 1389 tauro

220 1431 367 1494 Perfidus
384 1431 419 1493 in
437 1431 538 1494 Creta
554 1431 726 1513 religasset
744 1429 857 1492 nauita
872 1430 997 1504 funem,

146 1560 192 1614 175
219 1534 292 1598 Nec
309 1534 415 1598 malus
432 1535 486 1599 hic
503 1534 615 1598 celans
632 1534 719 1598 dulci
736 1533 881 1598 crudelia
897 1533 1004 1595 forma

219 1637 366 1702 Consilia
383 1639 417 1701 in
434 1639 557 1702 nostris
575 1639 759 1721 requiesset
776 1638 911 1701 sedibus
928 1634 1069 1718 hospes!

219 1743 305 1805 Nam
322 1763 387 1826 quo
403 1763 456 1806 me
473 1743 640 1806 referam?
663 1743 751 1825 quali
768 1762 827 1824 spe
842 1742 972 1824 perdita
988 1741 1100 1805 nitor?

219 1847 381 1910 ldaeosne
397 1856 508 1929 petam
525 1847 680 1910 montes?
703 1847 755 1921 ah,
772 1846 906 1929 gurgite
922 1846 990 1909 lato

218 1950 424 2014 Discernens
440 1951 536 2033 ponti
551 1950 776 2014 truculentum
793 1950 849 2013 ubi
865 1949 984 2013 diuidit
1001 1951 1146 2033 aequor?

144 2069 192 2118 180
217 2054 275 2117 An
291 2055 394 2137 patris
410 2054 567 2118 auxilium
584 2073 724 2136 sperem,
742 2074 885 2137 quemne
902 2054 974 2136 ipsa
990 2053 1107 2136 reliqui

150 2287 204 2353 165.
223 2296 396 2338 exsternata:
427 2287 459 2336 cf.
482 2303 506 2336 v.
531 2299 558 2350 71
590 2303 615 2336 n.
666 2288 818 2351 conferam?
834 2304 882 2351 quo
900 2288 1022 2336 uertant?
1042 2288 1072 2335 in
1093 2287 1167 2350 Capi·
1251 2292 1253 2297 '

113 2355 280 2403 exsternauit.
287 2382 321 2390 —
328 2362 435 2412 auctae,
443 2354 573 2409 endowed,·
583 2353 615 2402 ci.
666 2354 807 2402 taliumne?
816 2353 1167 2419 atsratre'ssanguinemadet.

114 2421 189 2469 Lucr,
218 2421 269 2469 111.
298 2419 346 2469 628
374 2421 479 2468 animas
506 2420 616 2468 sensibus
666 2435 703 2466 an
715 2420 838 2469 domum?
856 2420 1167 2468 matremneutmiseram

114 2494 210 2534 auctas.
666 2485 845 2533 lamentantem
859 2486 960 2533 uideam
973 2492 996 2532 et
1005 2486 1147 2534 abiectam?

151 2552 204 2601 168.
223 2552 301 2613 alga:
321 2551 354 2602 cf.
365 2568 388 2601 v.
402 2552 434 2600 60
446 2568 470 2600 n.
702 2551 748 2613 178
760 2551 784 2599 ff.
801 2552 913 2599 Ariadne
931 2567 1051 2614 proposes
1069 2558 1096 2599 to
1114 2552 1167 2599 her-

150 2618 204 2678 169.
223 2627 348 2666 extremo
370 2626 506 2681 tempore,
525 2624 554 2665 at
574 2633 616 2680 my
665 2616 716 2664 seli
724 2617 794 2664 three
807 2632 915 2674 courses,
927 2618 977 2664 and
992 2616 1080 2679 rejects
1097 2618 1167 2665 them

114 2684 163 2731 last
172 2685 257 2739 houm
275 2684 306 2732 ci.
318 2700 341 2734 v.
357 2697 399 2748 151
415 2700 440 2731 n.
665 2683 828 2744 successively
843 2698 870 2730 as
887 2682 1039 2745 impossible,
1052 2683 1095 2731 the
1108 2683 1166 2742 first,

151 2762 203 2813 172.
225 2750 347 2798 Gnosia:
375 2749 504 2798 doubtless
526 2749 616 2812 simply
665 2748 772 2796 because
785 2749 866 2796 other
879 2748 995 2797 isolation
1007 2748 1071 2796 from
1082 2749 1166 2807 home,
1220 2805 1223 2808 Δ

113 2815 248 2873 ‘Cretan';
270 2815 301 2863 cf.
313 2831 336 2865 v.
350 2827 379 2879 75
396 2816 522 2877 Gortynia
534 2821 603 2863 tecta.
665 2815 708 2861 the
727 2815 797 2862 other
815 2821 871 2871 twa
884 2814 991 2862 because
1008 2814 1061 2862 also
1078 2813 1108 2862 os
1121 2814 1167 2863 her

150 2893 203 2943 173.
222 2889 316 2930 tauro:
341 2896 369 2928 so
387 2881 430 2928 the
449 2881 577 2928 Minotaur
594 2880 615 2928 is
665 2886 720 2943 past
732 2880 969 2929 deme—Idaeos
981 2888 1109 2929 montes:
1127 2881 1165 2929 ie.

114 2946 196 2995 called
208 2946 260 2994 also
272 2947 332 2994 inv.
346 2959 400 3009 230.
665 2945 747 3005 Crete,
772 2946 815 2994 the
838 2946 946 3007 thought
974 2945 1051 3008 being
1077 2945 1166 3010 simply

149 3023 203 3074 174.
221 3011 369 3073 religasset
375 3012 487 3061 funem:
502 3011 615 3060 oimoor-
665 3010 694 3058 of
703 3011 831 3074 retuming
842 3012 926 3060 home.

113 3078 158 3140 ing
176 3083 202 3125 to
222 3078 264 3125 the
283 3078 377 3137 shore;
406 3078 437 3126 ci.
458 3079 531 3139 Verg.
550 3080 614 3126 Aen.
700 3076 754 3126 180.
772 3091 897 3141 sperem:
916 3092 1021 3126 sc.eveu
1032 3077 1077 3125 111
1090 3077 1166 3126 could

112 3143 173 3191 VII.
193 3143 239 3191 106
251 3145 386 3206 gramineo
404 3145 477 3207 ripae
494 3144 617 3208 religauit
665 3142 741 3191 reach
761 3143 842 3192 Crete.
854 3170 886 3178 -
898 3157 1021 3205 quemne
1035 3163 1059 3186 =
1074 3144 1166 3208 quippe

113 3209 144 3256 ab
156 3225 242 3273 aggere
253 3210 370 3263 classem:
389 3211 449 3258 Luc.
462 3209 541 3258 Phar.
554 3210 614 3258 VII.
664 3224 754 3272 quem;
772 3209 803 3256 cl.
814 3224 837 3259 v.
853 3207 910 3271 1833
933 3209 972 3258 68.
984 3222 1025 3271 91.
1058 3210 1114 3257 The
1128 3209 1164 3257 in·

113 3275 163 3323 860
186 3276 273 3323 nullus
295 3276 326 3323 ab
348 3276 469 3324 Emathio
491 3275 617 3339 relegasset
665 3275 813 3337 terrogative
829 3274 932 3338 particle
944 3291 987 3322 -ne
997 3275 1018 3323 is
1030 3281 1075 3323 not
1091 3274 1165 3324 inire-

113 3343 283 3406 litorefunem
297 3342 398 3391 nauita.
664 3341 766 3404 quently
780 3340 868 3403 joined
885 3339 912 3388 td
929 3340 1043 3389 relatives
1055 3347 1081 3389 to
1093 3341 1165 3404 point

150 3419 203 3471 175·
221 3408 315 3457 malus
327 3407 387 3456 hic:
408 3407 439 3456 cs.
452 3421 491 3469 29.
505 3420 533 3456 21
547 3423 572 3455 n.
664 3407 708 3454 the
719 3421 809 3455 reason
826 3406 864 3455 for
876 3407 1061 3470 controverting
1077 3422 1093 3455 a
1110 3422 1165 3470 pre-

150 3484 195 3537 177
207 3472 232 3522 ff.
249 3473 287 3522 Cf.
309 3473 393 3537 Eurip.
411 3474 480 3523 Med.
500 3485 547 3538 502
565 3471 609 3531 ff.;
664 3472 735 3521 vious
746 3473 875 3530 assertion,
887 3488 915 3521 or
927 3472 966 3521 for
981 3473 1122 3534 answering
1138 3473 1165 3520 in

113 3539 160 3588 Ov.
172 3541 235 3588 Met.
249 3540 322 3588 VIII.
338 3553 384 3602 113
396 3539 420 3588 ff.
433 3555 494 3588 nam
509 3555 558 3603 qua
575 3539 614 3586 de·
665 3537 708 3587 the
726 3538 841 3602 negative
859 3553 874 3586 a
891 3538 1007 3602 previous
1027 3539 1160 3602 question;

112 3611 179 3653 serta
200 3607 340 3655 reuertar?
366 3608 396 3654 in
411 3606 553 3669 patriam?
575 3604 621 3665 deq
665 3604 697 3653 cf.
715 3605 794 3653 Plaut.
818 3606 843 3653 T
840 3605 894 3654 rin.
912 3604 961 3667 360
981 3605 1046 3667 quin
1063 3605 1167 3653 comedit

112 3678 180 3719 serta
204 3673 275 3731 iacet,
372 3672 459 3735 patris
486 3671 524 3718 ad
547 3671 615 3718 ora?
665 3670 735 3733 quod
746 3671 812 3734 suit,
835 3670 903 3733 qued
927 3686 979 3718 non
1001 3670 1082 3734 fnit?
1107 3670 1164 3720 Ter.

113 3752 186 3800 quem
209 3738 256 3785 n'bi
278 3738 398 3786 danaui?
435 3737 463 3787 C.
487 3735 615 3785 Gracchus
664 3737 740 3784 Phor.
750 3748 798 3797 923
807 3736 903 3798 quodne
911 3752 952 3798 ego
960 3736 1079 3800 discripsi
1084 3743 1166 3799 porro

116 3803 183 3871 (Cic.
192 3804 240 3854 De.
249 3804 292 3853 Or.
303 3804 353 3852 111.
363 3802 424 3868 214)
434 3819 482 3868 qua
491 3818 529 3851 me
537 3801 616 3850 mim
666 3801 719 3851 illis
745 3802 835 3866 quibus
862 3801 958 3851 debui?
985 3803 1038 3850 aud
1065 3802 1174 3849 helinton
