2564 4200
113 303 171 370 -7a
180 303 211 370 4]
547 303 736 354 CATULLUS.

217 484 299 560 Aut,
316 484 404 567 quod
420 505 487 548 non
503 483 592 566 potis
609 493 670 560 est,
688 505 763 549 esse
779 484 899 567 pudica
915 485 1015 550 uelit:

115 615 145 668 ²5
173 589 251 670 Ipse
267 588 376 651 ualere
392 596 471 670 opto
488 598 521 651 et
539 596 684 651 taetrum
700 590 789 652 hunc
805 589 972 670 deponere
984 589 1144 654 morbum.

218 691 248 756 O
265 691 307 767 di,
325 692 453 756 reddite
470 692 515 756 mi
531 694 594 756 hoc
610 713 670 775 pro
686 691 811 775 pietate
827 712 908 756 mea.

613 927 669 998 77.

175 1065 263 1129 Rufe
279 1064 359 1127 mihi
375 1065 501 1128 frustra
515 1087 553 1129 ac
570 1065 770 1148 nequiquam
787 1066 911 1129 credite
927 1067 1033 1131 amice

194 1242 197 1247 ‚
219 1169 396 1251 (Frustra?
420 1169 521 1233 immo
537 1190 659 1251 magno
675 1191 750 1233 cum
768 1170 875 1251 pretio
891 1179 990 1252 atque
1007 1170 1117 1254 malo),

175 1273 287 1336 Sicine
303 1273 470 1354 subrepsti
487 1273 532 1335 mi
548 1284 648 1356 atque
665 1273 824 1336 intestina
840 1294 1001 1355 perurens

219 1376 285 1438 Hei
301 1377 422 1439 misero
439 1377 588 1458 eripuisti
605 1378 715 1439 omnia
732 1388 845 1440 nostra
861 1378 971 1440 bona?

130 1506 144 1560 5
172 1479 342 1560 Eripuisti,
360 1481 446 1543 eheu
462 1491 595 1543 nostrae
611 1481 743 1544 crudele
760 1501 926 1544 uenenum

216 1583 324 1658 Vitae,
342 1584 427 1647 eheu
443 1592 578 1647 nostrae
593 1585 699 1666 pestis
715 1585 890 1649 amicitiae.

611 1807 667 1893 78.

173 1960 289 2024 Gallus
305 1960 406 2024 habet
422 1960 553 2035 fratres,
571 1981 711 2042 quorum
728 1971 779 2024 est
796 1960 1002 2042 lepidissima
1022 1961 1168 2026 coniunx

216 2064 378 2139 Alterius,
395 2064 525 2146 lepidus
542 2064 628 2126 filius
645 2065 788 2128 alterius.

173 2167 288 2231 Gallus
305 2168 404 2230 homo
421 2178 471 2230 est
488 2167 616 2231 bellus:
639 2189 716 2230 nam
732 2168 846 2232 dulces
863 2169 969 2251 iungit
986 2189 1123 2246 amores,

216 2272 301 2336 Cum
318 2292 420 2354 puero
437 2281 473 2335 ut
490 2271 577 2335 bello
594 2272 680 2334 bella
695 2272 805 2353 puella
821 2274 932 2336 cubet.

147 2485 186 2534 24.
207 2474 297 2536 potis:
328 2472 414 2521 before
438 2489 453 2520 a
475 2472 556 2521 vowel
579 2472 618 2520 sor
664 2472 690 2519 in
706 2473 748 2520 the
761 2473 899 2536 preceding
915 2489 985 2522 verse
1001 2473 1053 2522 like
1070 2475 1124 2522 that
1140 2475 1167 2523 in

109 2540 250 2604 pote,asin
264 2551 302 2602 72.
316 2551 338 2601 7.
664 2551 779 2598 91.1,2;
804 2539 858 2587 116.
872 2551 893 2602 5,
906 2539 929 2587 6.

148 2603 197 2656 77.
209 2605 272 2652 Like
280 2621 299 2653 c.
308 2617 346 2667 73,
355 2605 489 2653 addressed
498 2603 618 2666 probably
698 2604 719 2651 6.
734 2613 847 2653 nostrae
857 2623 862 2651 :
877 2606 915 2652 i.e.
924 2605 966 2652 the
975 2605 1070 2654 mutual
1078 2605 1168 2655 friend·

112 2677 139 2719 to
153 2671 188 2717 M.
201 2671 300 2718 Caelius
313 2670 398 2718 Rufus.
433 2670 547 2717 ctlnrr.
562 2682 600 2733 59.
664 2669 764 2732 shipoi
779 2670 889 2717 Catullus
907 2672 957 2718 and
976 2671 1062 2720 Rufus.
1097 2673 1166 2721 With

149 2749 168 2783 1.
187 2737 308 2784 frustra:
340 2736 409 2783 osten
439 2735 467 2783 ol
493 2751 508 2782 a
535 2735 618 2796 finally
664 2736 707 2782 the
720 2736 816 2796 change
829 2736 891 2782 frum
904 2737 947 2782 the
959 2737 1070 2797 singular
1081 2754 1167 2786 mean·

114 2802 295 2865 unproductive
319 2801 487 2859 investntent3
520 2802 616 2862 nequi·
664 2800 708 2861 ing
725 2800 750 2847 in
769 2801 811 2848 the
829 2801 966 2864 preceding
987 2818 1058 2850 verse
1078 2803 1109 2851 cf.
1127 2805 1167 2852 68.

113 2882 209 2930 quarn,
230 2868 258 2914 oi
278 2883 327 2914 one
351 2867 467 2929 hopeless
491 2866 553 2914 lrom
575 2867 617 2914 the
663 2879 703 2926 94,
716 2879 756 2929 95.

112 2949 171 2994 very
181 2933 484 2994 beginning-credite,
495 2933 603 2979 believed
606 2950 617 2987 ,·
698 2930 747 2983 78.
767 2933 789 2979 A
802 2933 991 2996 tinely-pointed
1004 2934 1115 2997 epigram
1130 2934 1167 2983 di·

113 2999 144 3047 cl.
158 2999 230 3060 Verg.
243 3001 307 3046 Aen.
321 2999 355 3046 Il.
373 3011 419 3061 247
440 2996 614 3062 [Cassandra]
663 2999 748 3045 rected
777 2999 875 3060 against
903 3015 918 3047 a
945 3015 1005 3046 man
1035 3000 1167 3049 otherwise

113 3080 165 3112 non
177 3081 292 3127 unquam
305 3066 400 3112 credita
419 3065 530 3112 Teucris.
664 3064 799 3112 unknown.

147 3143 168 3177 2.
193 3132 261 3177 With
293 3131 336 3178 the
371 3131 504 3178 rhetorical
539 3130 616 3190 figure
699 3141 718 3177 1.
737 3130 927 3192 lepidissima:
953 3131 1004 3179 like
1024 3147 1046 3178 v.
1067 3132 1165 3195 alepi·

115 3195 309 3258 (epanorthosis)
330 3197 355 3243 in
374 3197 475 3244 frustra
489 3232 493 3242 .
508 3231 513 3242 .
527 3232 532 3243 .
545 3196 616 3244 frus·
663 3196 725 3252 dus,
735 3195 763 3242 of
773 3196 883 3258 physical
896 3197 979 3244 rather
991 3197 1052 3245 than
1061 3198 1091 3246 of
1099 3213 1167 3246 men·

114 3263 173 3310 tra?
191 3262 288 3319 immo,
300 3269 356 3318 etc„
370 3261 400 3308 ci.
416 3262 467 3309 t'ic.
487 3263 538 3309 (at.
558 3262 578 3309 l.
596 3275 616 3310 1.
663 3260 697 3308 tal
715 3261 923 3319 characteristics;
946 3262 1012 3310 chr.
1028 3275 1038 3310 1
1055 3264 1166 3326 lepidum

113 3327 189 3375 zhic
208 3335 292 3374 lamen
315 3329 391 3374 uiuit.
428 3328 616 3384 uiuidimmo,
663 3327 772 3374 libellum
780 3344 791 3382 ,¹
809 3328 865 3375 Ter.
876 3328 968 3376 lleuut.
982 3328 1099 3377 1060tibr'
1107 3330 1167 3377 dabo

113 3400 315 3454 etc—magno
327 3407 392 3441 cum
406 3394 510 3455 pretio:
529 3392 561 3440 cf.
573 3405 614 3453 40.
664 3393 735 3439 illam
748 3393 857 3454 lepidam
870 3409 946 3455 quam
959 3401 987 3441 tu
997 3395 1078 3458 facile
1089 3411 1162 3444 ames.

113 3459 197 3507 8cum
211 3460 282 3521 longa
291 3466 383 3521 poena.
695 3457 719 3505 3.
737 3458 842 3506 bellus:
862 3459 962 3506 hereos
976 3460 1019 3507 the
1036 3460 1168 3523 charming

145 3539 169 3585 4.
188 3525 234 3573 hei
252 3525 371 3573 misero:
397 3523 429 3572 cl.
452 3524 491 3572 68.
515 3537 554 3584 92,
577 3536 617 3585 93.
664 3523 799 3586 politeness
811 3524 839 3572 oi
851 3540 936 3571 aman
949 3524 978 3572 of
987 3525 1081 3587 society
1093 3527 1167 3574 train-

112 3591 250 3638 —omnia
267 3599 364 3638 nostra
381 3591 470 3637 bona:
502 3591 540 3638 i.e.
557 3590 616 3636 Les·
663 3589 707 3650 ing
718 3590 766 3636 and
780 3590 988 3648 discrimination;
1010 3590 1043 3638 cs.
1059 3603 1125 3652 ²29
1142 3608 1166 3641 n.

113 3656 175 3703 bia's
187 3655 254 3714 love3
276 3655 308 3704 ci.
320 3655 360 3704 68.
376 3654 421 3719 158
433 3656 521 3703 artenia
533 3655 596 3702 bona
604 3671 616 3710 ,·
695 3669 718 3715 4.
735 3655 809 3703 bello
820 3655 907 3703 bella:
927 3670 1096 3718 synonymous
1106 3656 1166 3705 with

113 3730 211 3771 nostra
228 3722 248 3769 is
266 3721 303 3769 for
326 3737 389 3778 mea,
408 3720 468 3768 with
486 3736 501 3768 a
518 3721 616 3782 change
662 3721 816 3782 lepidissima
837 3756 843 3770 .
867 3757 873 3770 .
895 3757 900 3768 .
921 3721 1017 3783 lepidus
1034 3722 1121 3781 above,
1139 3738 1167 3771 as

113 3787 177 3838 from
190 3787 232 3837 the
244 3787 354 3852 singular
367 3786 484 3853 personal
500 3801 616 3852 pronouu
663 3787 706 3836 the
729 3786 822 3835 similar
850 3785 1011 3850 conjunctiora
1036 3788 1167 3837 shows.-
