2564 4200
113 286 163 339 206
545 283 731 339 chrumnus
1070 280 1147 352 [rm-

171 469 295 533 Totum
313 469 393 532 illud
411 468 592 534 ‘formosa'
609 489 716 553 nego:
740 490 817 533 nam
834 467 926 533 nulla
942 478 1105 544 uenustas,

217 573 317 637 Nulla
333 573 365 636 in
383 583 450 636 tam
468 594 589 656 magno
605 584 656 637 est
673 593 810 656 corpore
826 574 914 637 mica
929 573 1017 638 salis.

130 703 144 756 5
172 677 294 740 Lesbia
310 677 456 740 formosa
471 687 533 752 est,
550 697 635 760 quae
651 698 726 741 cum
743 677 966 758 pulcherrima
981 686 1053 741 tota
1067 684 1121 753 est,

215 780 302 843 Tum
319 781 473 844 omnibus
490 801 556 844 una
571 780 679 845 omnis
695 780 867 875 subripuit¹
877 780 1038 846 Veneres.

611 996 666 1082 87.

174 1140 274 1203 Nulla
290 1149 400 1222 potest
416 1141 535 1204 mulier
550 1149 681 1204 tantum
698 1160 735 1204 se
750 1139 861 1204 dicere
876 1150 1022 1205 amatam

216 1245 313 1318 Vere,
331 1255 492 1326 quantum
510 1265 528 1306 a
544 1265 597 1307 me
616 1244 738 1308 Lesbia
752 1254 863 1307 amata
878 1265 954 1307 mea
970 1265 1026 1308 es:

174 1347 274 1411 Nulla
289 1349 372 1412 fides
388 1349 455 1411 ullo
471 1347 534 1410 fuit
551 1369 697 1431 unquam
715 1348 748 1410 in
763 1348 899 1410 foedere
914 1357 1010 1412 tanta
1117 1424 1120 1432 ¹

218 1452 353 1534 Quanta
369 1452 403 1514 in
419 1471 529 1515 amore
545 1460 603 1514 tuo
619 1472 660 1515 ex
674 1462 769 1533 parte
784 1462 916 1532 reperta
931 1472 1007 1516 mea
1022 1460 1080 1517 est.

612 1667 667 1735 88.

175 1807 264 1890 Quid
280 1808 360 1871 facit
377 1808 414 1883 is,
434 1807 529 1883 Gelli,
548 1807 603 1889 qui
620 1828 695 1871 cum
713 1817 818 1870 matre
833 1816 934 1889 atque
951 1827 1064 1871 sorore

218 1912 325 1974 Prurit
337 1923 376 1975 'et
393 1913 532 1974 abiectis
549 1911 723 1993 peruigilat
740 1911 888 1974 tunicis?

175 2016 263 2099 Quid
279 2016 360 2078 facit
377 2017 404 2078 is
421 2025 573 2097 patruum
592 2015 730 2097 quinon
747 2015 827 2077 sinit
844 2035 920 2077 esse
936 2014 1114 2078 maritum?

219 2121 347 2203 Ecquid
365 2121 429 2182 scis
446 2131 607 2202 quantum
624 2118 782 2200 suscipiat
799 2117 957 2182 sceleris?

132 2252 145 2303 5
173 2224 329 2304 Suscipit,
348 2245 367 2285 0
385 2223 479 2297 Gelli,
498 2233 659 2305 quantum
676 2243 744 2284 non
760 2222 877 2285 ultima
892 2223 1024 2307 Tethys

219 2329 290 2391 Nec
306 2329 438 2410 genitor
454 2328 673 2411 nympharum
690 2326 794 2389 abluit
813 2326 990 2390 Oceanus:

115 2543 192 2589 quam
209 2527 254 2573 dat
269 2533 375 2581 natum,
396 2526 483 2572 uideri
490 2542 500 2578 ‚⁴
519 2525 620 2585 Tenny-
665 2539 740 2572 —ex
764 2532 842 2586 parte
865 2538 949 2572 mea:
980 2531 1027 2572 not
1055 2540 1083 2573 as
1110 2539 1164 2572 con·

116 2608 161 2639 son
174 2594 295 2648 Primus,
305 2594 327 2638 A
340 2591 461 2653 daughter
472 2590 545 2654 osthe
552 2591 619 2653 gods,
665 2592 759 2638 trusted
772 2590 831 2637 with
848 2590 938 2638 Lesbia
949 2590 975 2637 in
987 2590 1034 2638 her
1050 2590 1165 2638 taithless·

116 2658 229 2720 divinely
237 2658 289 2714 tall,
300 2658 356 2705 and
363 2664 424 2703 most
431 2657 544 2718 divinely
550 2657 619 2720 sair.
666 2657 822 2712 ness‚-the
843 2656 933 2718 phrase
954 2656 983 2703 in
1004 2670 1101 2704 amore
1120 2664 1166 2705 tuo

149 2737 170 2785 3.
189 2732 343 2772 uenustas:
363 2723 487 2784 ci.3.1n.
509 2723 619 2770 Veneres.
666 2721 797 2784 precludes
811 2722 965 2778 thau—but
982 2737 1010 2769 as
1028 2721 1166 2769 contrasted

148 2804 171 2849 4.
191 2790 264 2837 mica
277 2790 359 2837 salis:
381 2789 411 2835 cf.
426 2789 498 2836 Mart.
512 2789 570 2835 VII.
588 2799 618 2850 25
665 2787 725 2834 with
746 2787 789 2835 the
809 2802 876 2834 mere
898 2793 999 2834 wanton
1024 2788 1124 2850 passion
1143 2783 1169 2833 of

117 2857 237 2917 nullaque
249 2857 315 2901 mica
328 2855 388 2901 salis
403 2870 446 2901 nec
465 2855 554 2900 antaei
570 2854 620 2918 fel·
667 2853 778 2900 Lesbia's
790 2869 845 2900 new
856 2853 944 2900 lovers.

116 2923 148 2968 lis
160 2923 189 2968 in
202 2922 255 2968 illis
269 2920 408 2982 [uersibus]
420 2927 491 2981 gutta
504 2921 542 2966 sit.
699 2916 749 2971 88.
768 2919 808 2967 On
818 2918 860 2966 the
870 2919 959 2967 crimes
968 2917 997 2965 of
1006 2918 1113 2976 Gellius3
1135 2917 1166 2965 ci.

150 2987 172 3034 6.
190 2988 329 3034 Veneres:
350 2986 380 3033 cf.
392 2986 469 3032 Plaut.
485 2986 559 3034 Stich.
573 2984 621 3048 278
666 3001 684 3032 c.
699 2997 737 3047 74.

117 3054 275 3099 anroenitules
301 3054 415 3098 nmmum
452 3054 574 3099 Veneram
600 3058 624 3098 et
703 3064 722 3100 1.
741 3060 849 3101 matre:
888 3051 998 3114 perhaps
1032 3051 1071 3098 his
1105 3057 1168 3113 step·

118 3125 278 3166 uenuslalum
291 3119 376 3181 affero
386 3136 395 3171 ,·
414 3119 499 3178 Quint.
510 3119 541 3165 X.
558 3131 577 3165 r.
591 3129 621 3179 79
667 3120 766 3167 mother
778 3119 846 3179 only;
869 3117 900 3164 cf.
913 3118 974 3165 lntr.
988 3129 1027 3179 72.

117 3186 328 3231 Isocratesomnes
341 3185 441 3230 dicendi
462 3186 564 3232 Veneres
575 3199 621 3230 sec·
702 3197 723 3248 5.
744 3185 858 3232 ultima:
890 3185 928 3230 ie.
949 3190 975 3230 to
998 3183 1044 3231 her
1067 3184 1169 3232 farthest

117 3257 183 3297 ratres
195 3257 234 3297 est.
667 3251 944 3312 munda-Tethys:
970 3249 1000 3296 cf.
1020 3250 1060 3311 64.
1079 3264 1110 3311 29
1127 3267 1165 3305 n.;

150 3314 198 3367 87.
217 3318 240 3362 Α
255 3317 385 3378 fragment,
410 3319 504 3366 written
524 3336 556 3366 on
574 3318 622 3366 los·
667 3318 707 3365 66.
721 3330 759 3380 70.

117 3382 160 3443 ing
173 3382 233 3429 saith
249 3383 274 3429 in
293 3384 390 3439 Lesbia,
405 3387 454 3432 and
474 3385 624 3446 resembling
701 3384 724 3431 6.
742 3399 793 3433 nec
804 3383 906 3433 abluit:
925 3383 957 3431 cf.
968 3385 1041 3432 Luer.
1051 3385 1097 3446 VJ.
1110 3394 1170 3447 1077

117 3448 142 3494 in
164 3455 222 3495 tone
244 3461 280 3512 75.
307 3464 362 3512 3-4.
400 3451 509 3511 Scaliger
532 3451 624 3512 suught
669 3466 728 3507 non,
741 3451 843 3497 mareri
854 3456 930 3497 totum
944 3451 1006 3497 uelit
1021 3450 1104 3498 eluere
1121 3465 1170 3497 onr-

117 3515 199 3575 vainly
209 3522 233 3561 to
244 3516 368 3579 complete
383 3517 401 3564 it
413 3517 446 3578 by
456 3516 581 3577 affixingc.
593 3528 621 3580 75
669 3516 743 3563 nibus
760 3516 855 3570 undis,·
878 3515 936 3563 Sen.
954 3516 1062 3564 Phaedr.
1082 3528 1129 3578 723
1145 3513 1169 3562 ff.

121 3580 210 3642 (q.u.).
668 3583 725 3643 quis
733 3582 798 3629 eluet
806 3597 844 3627 me
860 3581 1035 3628 Tanais?aut
1040 3597 1105 3644 quae
1116 3581 1170 3628 bar-

154 3660 163 3693 1
178 3647 193 3694 f.
213 3648 251 3696 Cf.
267 3648 289 3696 8.
304 3660 330 3711 5;
354 3660 393 3710 37.
415 3661 444 3694 12
461 3655 547 3695 aurata
565 3653 622 3694 tan·
668 3647 737 3694 baris
749 3647 856 3694 Maeotis
868 3647 945 3693 undis
958 3649 1058 3694 Pontico
1072 3648 1169 3694 incum-

118 3719 171 3760 tuen
184 3720 310 3776 quantum
324 3714 455 3760 ornabitur
467 3714 526 3760 null
542 3749 547 3759 .
667 3713 723 3759 bens
741 3713 833 3759 mari?
853 3727 904 3758 non
928 3712 978 3774 ipse
1000 3719 1046 3759 toto
1064 3726 1171 3775 magmas

150 3791 174 3837 4.
193 3788 256 3827 tuo:
279 3778 309 3825 cs.
324 3778 362 3838 64.
377 3791 423 3841 253
436 3794 460 3825 n.
472 3786 514 3826 tuo
530 3794 622 3826 antore.
667 3794 755 3825 oceano
770 3784 847 3840 pater
863 3783 963 3824 tantum
987 3779 1103 3840 expiarit
1123 3793 1169 3825 sce·
