2564 4200
110 301 169 363 -oa
182 299 242 367 151]
548 298 737 350 chrannus,

187 481 332 545 Nullane
349 500 400 544 res
417 480 526 562 potuit
543 480 685 544 crudelis
703 480 838 544 flectere
855 479 977 544 mentis

187 585 396 649 Consilium?
419 585 481 648 tibi
497 585 587 649 nulla
603 585 666 647 luit
684 584 861 648 clementia
876 593 1010 666 praesto

187 689 321 753 Immite
338 698 375 752 ut
387 689 493 752 nostri
509 689 611 752 uellet
629 689 843 753 miserescere
860 689 1002 770 pectus?

186 793 235 857 At
253 813 320 856 non
337 793 418 857 haec
435 794 601 876 quondam
619 793 740 856 blanda
756 793 919 875 promissa
935 793 1057 856 dedisti

113 927 159 974 140
185 899 278 961 Voce
295 897 385 973 mihi,
403 918 469 960 non
487 897 569 962 haec
586 897 726 961 miserae
743 917 876 980 sperare
892 898 1040 974 iubebas,

188 1003 254 1066 Sed
271 1002 413 1065 conubia
428 1002 524 1078 laeta,
543 1002 602 1064 sed
619 1011 751 1083 optatos
769 1002 991 1086 hymenaeos:

187 1107 421 1188 Quae‘cuncta
436 1105 516 1168 aerii
532 1105 725 1187 discerpunt
742 1105 834 1168 irrita
851 1106 952 1169 uenti.

188 1211 286 1273 Nunc
302 1209 366 1272 iam
384 1209 474 1272 nulla
490 1209 561 1272 uiro
578 1209 700 1272 iuranti
716 1210 841 1272 femina
857 1211 979 1285 credat,

187 1313 288 1377 Nulla
303 1313 366 1377 uiri
383 1322 494 1396 speret
511 1333 684 1377 sermones
700 1333 774 1377 esse
791 1314 929 1377 fideles:

112 1445 159 1499 145
187 1417 273 1501 Quis
289 1418 368 1480 dum
384 1417 508 1500 aliquid
524 1417 662 1500 cupiens
678 1417 809 1480 animus
828 1417 1012 1501 praegestit
1028 1417 1140 1500 apisci,

186 1522 242 1586 Nil
259 1532 414 1586 metuunt
431 1522 547 1597 iurare,
565 1521 647 1584 nihil
663 1522 857 1604 promittere
873 1530 1035 1604 parcunt:

187 1626 253 1690 Sed
271 1626 370 1690 simul
386 1647 425 1690 ac
441 1626 580 1708 cupidae
596 1626 718 1690 mentis
735 1626 854 1689 satiata
870 1625 971 1689 libido
987 1634 1049 1702 est,

187 1730 287 1793 Dicta
302 1730 384 1793 nihil
400 1731 590 1805 meminere,
609 1730 691 1793 nihil
708 1730 851 1812 periuria
866 1738 993 1794 curant.

187 1833 287 1898 Certe
303 1855 365 1916 ego
381 1844 416 1897 te
432 1834 465 1897 in
483 1834 591 1897 medio
608 1844 797 1897 uersantem
815 1834 948 1897 turbine
963 1834 1023 1897 leti

113 1964 160 2018 150
187 1937 303 2020 Eripui
319 1947 352 2001 et
369 1938 480 2020 potius
496 1959 690 2020 germanum
708 1939 862 2001 amittere
879 1938 968 2002 creui

187 2041 297 2125 Quam
314 2042 375 2105 tibi
390 2042 499 2106 fallaci
516 2063 671 2125 supremo
687 2043 721 2105 in
737 2052 888 2124 tempore
904 2044 1056 2106 deessem
1072 2065 1078 2106 :

111 2210 164 2259 ban
192 2209 221 2258 of
246 2208 378 2258 Ariadne's
405 2224 488 2269 curse;
527 2209 559 2258 cf.
587 2225 612 2257 v.
699 2221 753 2272 143.
769 2216 924 2267 nunc‚etc.:
938 2209 1163 2259 cf.Ov.Fast.III.

114 2289 161 2338 192
174 2275 198 2324 ff.
663 2287 711 2340 475
726 2292 796 2323 nunc
812 2291 907 2339 quoque
919 2276 1009 2323 ‘nulla
1027 2277 1102 2325 nira'
1116 2278 1164 2323 cla·

150 2353 202 2404 139.
220 2341 325 2390 blanda
358 2355 443 2391 uoce:
480 2341 543 2389 after
571 2341 615 2389 the
665 2342 735 2389 nzaba
754 2346 760 2368 ⁶
763 2343 867 2406 semina
885 2342 984 2389 credat'
1005 2342 1115 2405 (spoken
1132 2343 1165 2404 by

111 2414 181 2455 wont
193 2407 222 2455 of
235 2407 377 2471 persuasive
389 2408 481 2465 lovers:
504 2407 534 2454 cf.
549 2407 614 2454 Enn.
664 2408 775 2455 Ariadne
788 2407 847 2455 with
860 2407 987 2455 reference
1006 2415 1031 2455 to
1050 2408 1092 2456 the
1110 2408 1164 2456 infi-

112 2476 185 2522 Ann.
195 2484 223 2537 51
238 2473 330 2520 blanda
343 2489 401 2521 noce
413 2474 530 2521 uocabam
540 2490 550 2527 ,·
566 2474 614 2521 Cu·
665 2473 741 2534 delity
753 2473 782 2520 ol
796 2473 934 2536 Bacchus).

112 2540 154 2587 lex
166 2539 214 2602 278
225 2540 299 2586 turbo
310 2540 435 2604 ferarum
453 2539 545 2587 blanda
558 2555 615 2586 noce
701 2552 753 2602 145.
771 2541 939 2602 praegestit:
963 2540 1006 2587 the
1028 2541 1097 2588 word
1121 2556 1164 2603 ap·

111 2621 207 2668 sequax
219 2606 343 2669 regionem
359 2605 486 2653 insederat
502 2606 596 2667 Orphei
602 2621 614 2660 ,·
664 2604 777 2668 parently
796 2621 883 2653 occurs
904 2605 961 2667 only
982 2606 1049 2662 here,
1066 2606 1091 2652 in
1112 2606 1163 2654 Cic.

112 2672 160 2720 Ov.
179 2674 236 2719 Art.
253 2673 311 2719 Am.
330 2672 351 2719 1.
372 2683 418 2734 703
438 2671 505 2734 quid
520 2669 613 2718 blanda
669 2671 733 2718 Cael.
758 2671 788 2733 67
813 2672 950 2733 praegestit
975 2672 1082 2719 animur
1110 2673 1163 2718 iam

113 2753 172 2784 uoce
183 2738 316 2785 moraris?
332 2737 382 2786 III.
393 2749 439 2800 795
453 2753 497 2784 nec
508 2737 615 2784 blandae
665 2737 760 2793 nidere,
773 2738 823 2784 and
835 2736 861 2783 in
877 2738 937 2783 Hor.
955 2737 1041 2784 Carm.
1060 2738 1095 2784 II.
1114 2749 1135 2800 5.
1148 2752 1163 2798 9

114 2818 183 2850 uoces
194 2809 289 2850 cessent.
665 2804 789 2850 iuuencae
806 2802 891 2850 ludere
908 2818 965 2850 cum
984 2803 1074 2850 uitalis
1087 2810 1163 2865 prae-

150 2881 203 2927 140.
221 2869 357 2918 miserae:
382 2869 426 2917 the
449 2868 532 2917 dative
555 2868 615 2916 with
660 2870 795 2932 gestientis.

113 2934 218 2983 dedisti
229 2949 310 2982 seems
324 2941 350 2982 to
364 2934 396 2982 be
411 2934 547 2983 continued
561 2935 614 2982 into
700 2947 753 2995 149.
772 2934 882 2983 turbine
900 2933 961 2982 leti:
982 2933 1012 2982 cf.
1024 2934 1079 2981 Val.
1096 2933 1163 2983 Flac.

113 3000 157 3048 the
175 3000 394 3057 iubebas-clause,
409 3001 507 3064 though
524 3015 539 3048 a
556 3000 614 3048 sim·
664 3000 708 3047 VI.
723 3013 769 3062 279
782 3000 873 3047 doloris
884 2999 993 3047 turbine.

113 3065 155 3129 ple
174 3065 294 3114 infinitive
311 3067 362 3114 and
381 3067 463 3114 dative
484 3067 506 3114 is
525 3081 540 3113 a
560 3080 614 3115 rare
701 3079 709 3112 ι
715 3078 753 3130 50.
771 3079 954 3127 germanum:
976 3066 1013 3113 ie.
1024 3065 1067 3113 the
1080 3066 1164 3112 Mino·

113 3131 283 3179 construction
295 3131 355 3180 with
367 3133 422 3180 that
433 3133 500 3180 verb.
664 3137 737 3189 taur:
759 3131 791 3180 cf.
804 3147 827 3178 v.
844 3130 900 3189 1813
924 3130 970 3179 Ov.
986 3132 1048 3179 Her.
1067 3144 1103 3179 ro.
1119 3144 1162 3195 115

150 3209 203 3256 141.
216 3199 274 3255 sed,
284 3204 347 3245 eto:
361 3197 391 3246 cl.
400 3198 443 3245 the
453 3197 521 3245 close
530 3197 615 3245 verbal
664 3199 765 3245 dextera
782 3197 890 3245 crudelis
904 3213 969 3260 quae
988 3213 1027 3244 me
1039 3198 1164 3262 fratrem-

113 3264 165 3311 and
179 3263 291 3311 metrical
308 3263 479 3312 resemblance
497 3263 525 3310 ol
540 3264 615 3325 Verg.
664 3279 712 3326 qne
731 3263 981 3312 neroum—creuit
1007 3263 1106 3311 archaic
1128 3264 1165 3310 lor

113 3331 178 3376 Aen.
200 3329 244 3377 1v.
262 3328 310 3391 316
325 3337 375 3392 per
391 3329 497 3376 conubia
521 3337 615 3386 nostra,
664 3329 783 3384 decreui,·
801 3329 831 3377 cl.
848 3329 927 3377 Lucil.
942 3328 1016 3376 XIII.
1036 3341 1045 3376 1
1064 3330 1165 3376 acribus

113 3401 165 3458 per
177 3396 283 3458 inceptos
292 3395 444 3457 hymenaeos.
476 3395 531 3442 The
544 3410 615 3458 repe·
665 3395 734 3442 inter
751 3411 775 3442 se
791 3411 847 3442 cnm
866 3395 949 3441 araris
967 3396 1098 3459 confligere
1115 3411 1163 3442 cer·

113 3461 188 3508 tition
200 3460 229 3507 of
242 3462 294 3510 sed
307 3462 470 3524 correspouds
482 3467 508 3508 to
521 3460 575 3508 that
590 3459 618 3507 of
665 3461 722 3516 nit,·
748 3460 827 3508 Plaut.
852 3461 910 3508 Cist.
934 3473 943 3507 1
967 3461 1033 3508 milti
1054 3461 1164 3507 amicam

113 3541 173 3574 non
188 3527 258 3574 haec
275 3526 301 3574 in
312 3542 335 3575 v.
350 3539 396 3588 139
411 3526 467 3575 l.—
476 3527 613 3574 conubia:
664 3541 711 3574 esse
723 3527 794 3574 creui
805 3533 911 3574 matrem
923 3533 1004 3574 tuam.

113 3591 195 3656 plural
208 3592 267 3639 with
283 3592 392 3655 singular
407 3592 531 3653 meaning,
546 3607 574 3639 as
589 3591 616 3638 in
700 3603 754 3656 151.
772 3605 906 3655 supremo
923 3592 1105 3655 intempore:
1126 3592 1164 3640 ie.

113 3674 137 3706 v.
159 3657 216 3722 158:
245 3658 288 3705 but
306 3657 416 3720 singular
432 3658 458 3705 iu
477 3658 516 3707 62.
535 3670 616 3721 57.—
664 3657 692 3705 in
704 3664 812 3705 extreme
825 3659 920 3719 danger
931 3657 960 3704 of
969 3657 1024 3716 lite3
1042 3656 1073 3704 cl.
1084 3673 1106 3705 v.
1120 3657 1165 3717 169

113 3725 304 3785 hymenaeos:
324 3723 355 3771 cl.
367 3740 390 3772 v.
403 3737 434 3771 20
446 3740 471 3772 n.
665 3729 775 3771 extremo
792 3730 915 3786 tempore‚·
940 3724 1003 3771 Hor.
1025 3723 1111 3771 Carm.
1130 3723 1166 3772 11.

150 3802 205 3852 142.
223 3790 309 3848 uenti,
322 3796 384 3840 etc:
404 3790 436 3840 cl.
449 3802 489 3854 30.
505 3802 535 3839 10
546 3806 571 3841 n.
667 3801 690 3854 7.
705 3801 715 3838 1
729 3795 825 3853 tempus
836 3790 866 3839 in
878 3789 1006 3841 ultimum.
