<?xml version="1.0" encoding="UTF-8"?>
<!DOCTYPE html PUBLIC "-//W3C//DTD XHTML 1.0 Transitional//EN"
    "http://www.w3.org/TR/xhtml1/DTD/xhtml1-transitional.dtd">
<html xmlns="http://www.w3.org/1999/xhtml" xml:lang="en" lang="en">
 <head>
  <title>
</title>
<meta http-equiv="Content-Type" content="text/html;charset=utf-8" />
  <meta name='ocr-system' content='tesseract 3.04.00' />
  <meta name='ocr-capabilities' content='ocr_page ocr_carea ocr_par ocr_line ocrx_word'/>
</head>
<body>
  <div class='ocr_page' id='page_1' title='image "./catullus00catugoog_0280.png"; bbox 0 0 2564 4200; ppageno 0'>
   <div class='ocr_carea' id='block_1_1' title="bbox 108 314 1166 386">
    <p class='ocr_par' dir='ltr' id='par_1_1' title="bbox 108 314 1166 386">
     <span class='ocr_line' id='line_1_1' title="bbox 108 314 1166 386; baseline -0.006 -14"><span class='ocrx_word' id='word_1_1' title='bbox 108 319 206 386; x_wconf 57' lang='lat' dir='ltr'>aas]</span> <span class='ocrx_word' id='word_1_2' title='bbox 543 317 731 370; x_wconf 74' lang='lat' dir='ltr'>caraunus.</span> <span class='ocrx_word' id='word_1_3' title='bbox 1116 314 1166 367; x_wconf 86' lang='lat'>207</span> 
     </span>
    </p>
   </div>
   <div class='ocr_carea' id='block_1_2' title="bbox 170 495 1113 687">
    <p class='ocr_par' dir='ltr' id='par_1_2' title="bbox 170 495 1113 687">
     <span class='ocr_line' id='line_1_2' title="bbox 170 495 1113 583; baseline -0.006 -18"><span class='ocrx_word' id='word_1_4' title='bbox 170 502 256 565; x_wconf 87' lang='lat' dir='ltr'>Nam</span> <span class='ocrx_word' id='word_1_5' title='bbox 274 500 355 564; x_wconf 89' lang='lat' dir='ltr'>nihil</span> <span class='ocrx_word' id='word_1_6' title='bbox 371 509 422 564; x_wconf 92' lang='lat' dir='ltr'>est</span> <span class='ocrx_word' id='word_1_7' title='bbox 439 500 615 583; x_wconf 90' lang='lat' dir='ltr'>quiequam</span> <span class='ocrx_word' id='word_1_8' title='bbox 632 498 767 564; x_wconf 91' lang='lat' dir='ltr'>sceleris</span> <span class='ocrx_word' id='word_1_9' title='bbox 783 520 848 582; x_wconf 94' lang='lat' dir='ltr'>quo</span> <span class='ocrx_word' id='word_1_10' title='bbox 864 498 1002 581; x_wconf 83' lang='lat' dir='ltr'>prodeat</span> <span class='ocrx_word' id='word_1_11' title='bbox 1018 495 1113 571; x_wconf 86' lang='lat' dir='ltr'>ultra,</span> 
     </span>
     <span class='ocr_line' id='line_1_3' title="bbox 213 601 883 687; baseline 0 -21"><span class='ocrx_word' id='word_1_12' title='bbox 213 604 291 666; x_wconf 93' lang='lat' dir='ltr'>Non</span> <span class='ocrx_word' id='word_1_13' title='bbox 308 605 336 668; x_wconf 92' lang='lat' dir='ltr'>si</span> <span class='ocrx_word' id='word_1_14' title='bbox 352 604 498 668; x_wconf 92' lang='lat' dir='ltr'>demisso</span> <span class='ocrx_word' id='word_1_15' title='bbox 515 624 551 667; x_wconf 94' lang='lat' dir='ltr'>se</span> <span class='ocrx_word' id='word_1_16' title='bbox 566 603 638 687; x_wconf 90' lang='lat' dir='ltr'>ipse</span> <span class='ocrx_word' id='word_1_17' title='bbox 655 612 749 667; x_wconf 89' lang='lat' dir='ltr'>uoret</span> <span class='ocrx_word' id='word_1_18' title='bbox 766 601 883 683; x_wconf 89' lang='lat' dir='ltr'>capite.</span> 
     </span>
    </p>
   </div>
   <div class='ocr_carea' id='block_1_3' title="bbox 609 819 664 904">
    <p class='ocr_par' dir='ltr' id='par_1_3' title="bbox 609 819 664 904">
     <span class='ocr_line' id='line_1_4' title="bbox 609 819 664 904; baseline 0 -18"><span class='ocrx_word' id='word_1_19' title='bbox 609 819 664 904; x_wconf 79' lang='lat'>89.</span> 
     </span>
    </p>
   </div>
   <div class='ocr_carea' id='block_1_4' title="bbox 127 966 1125 1569">
    <p class='ocr_par' dir='ltr' id='par_1_4' title="bbox 127 966 1125 1569">
     <span class='ocr_line' id='line_1_5' title="bbox 169 966 1077 1049; baseline -0.002 -19"><span class='ocrx_word' id='word_1_20' title='bbox 169 967 298 1030; x_wconf 84' lang='lat' dir='ltr'><strong>Gellius</strong></span> <span class='ocrx_word' id='word_1_21' title='bbox 314 977 367 1031; x_wconf 90' lang='lat' dir='ltr'>est</span> <span class='ocrx_word' id='word_1_22' title='bbox 383 967 514 1031; x_wconf 92' lang='lat' dir='ltr'>tenuis:</span> <span class='ocrx_word' id='word_1_23' title='bbox 537 966 616 1049; x_wconf 93' lang='lat' dir='ltr'>quid</span> <span class='ocrx_word' id='word_1_24' title='bbox 633 966 690 1028; x_wconf 90' lang='lat' dir='ltr'>ni?</span> <span class='ocrx_word' id='word_1_25' title='bbox 713 966 766 1029; x_wconf 93' lang='lat' dir='ltr'>cui</span> <span class='ocrx_word' id='word_1_26' title='bbox 782 977 850 1029; x_wconf 92' lang='lat' dir='ltr'>tam</span> <span class='ocrx_word' id='word_1_27' title='bbox 868 967 955 1029; x_wconf 91' lang='lat' dir='ltr'>bona</span> <span class='ocrx_word' id='word_1_28' title='bbox 971 975 1077 1029; x_wconf 90' lang='lat' dir='ltr'>mater</span> 
     </span>
     <span class='ocr_line' id='line_1_6' title="bbox 213 1070 1021 1153; baseline -0.002 -20"><span class='ocrx_word' id='word_1_29' title='bbox 213 1071 363 1153; x_wconf 86' lang='lat' dir='ltr'>Tamque</span> <span class='ocrx_word' id='word_1_30' title='bbox 379 1070 495 1133; x_wconf 90' lang='lat' dir='ltr'>ualens</span> <span class='ocrx_word' id='word_1_31' title='bbox 512 1070 603 1134; x_wconf 91' lang='lat' dir='ltr'>uiuat</span> <span class='ocrx_word' id='word_1_32' title='bbox 620 1079 754 1152; x_wconf 90' lang='lat' dir='ltr'>tamque</span> <span class='ocrx_word' id='word_1_33' title='bbox 769 1079 912 1132; x_wconf 91' lang='lat' dir='ltr'>uenusta</span> <span class='ocrx_word' id='word_1_34' title='bbox 928 1089 1021 1132; x_wconf 92' lang='lat' dir='ltr'>soror</span> 
     </span>
     <span class='ocr_line' id='line_1_7' title="bbox 168 1172 1124 1257; baseline -0.004 -19"><span class='ocrx_word' id='word_1_35' title='bbox 168 1175 320 1257; x_wconf 85' lang='lat' dir='ltr'>Tamque</span> <span class='ocrx_word' id='word_1_36' title='bbox 336 1174 444 1238; x_wconf 89' lang='lat' dir='ltr'>bonus</span> <span class='ocrx_word' id='word_1_37' title='bbox 460 1182 598 1256; x_wconf 90' lang='lat' dir='ltr'>patruus</span> <span class='ocrx_word' id='word_1_38' title='bbox 615 1182 749 1255; x_wconf 92' lang='lat' dir='ltr'>tamque</span> <span class='ocrx_word' id='word_1_39' title='bbox 766 1172 876 1235; x_wconf 92' lang='lat' dir='ltr'>omnia</span> <span class='ocrx_word' id='word_1_40' title='bbox 892 1172 990 1254; x_wconf 93' lang='lat' dir='ltr'>plena</span> <span class='ocrx_word' id='word_1_41' title='bbox 1005 1172 1124 1253; x_wconf 87' lang='lat' dir='ltr'><strong>puellis</strong></span> 
     </span>
     <span class='ocr_line' id='line_1_8' title="bbox 214 1276 934 1361; baseline -0.004 -20"><span class='ocrx_word' id='word_1_42' title='bbox 214 1277 384 1360; x_wconf 89' lang='lat' dir='ltr'>Cognatis,</span> <span class='ocrx_word' id='word_1_43' title='bbox 402 1298 504 1361; x_wconf 92' lang='lat' dir='ltr'>quare</span> <span class='ocrx_word' id='word_1_44' title='bbox 520 1277 548 1341; x_wconf 93' lang='lat' dir='ltr'>is</span> <span class='ocrx_word' id='word_1_45' title='bbox 564 1278 695 1341; x_wconf 91' lang='lat' dir='ltr'>desinat</span> <span class='ocrx_word' id='word_1_46' title='bbox 712 1296 786 1340; x_wconf 91' lang='lat' dir='ltr'>esse</span> <span class='ocrx_word' id='word_1_47' title='bbox 803 1276 934 1340; x_wconf 85' lang='lat' dir='ltr'>macer?</span> 
     </span>
     <span class='ocr_line' id='line_1_9' title="bbox 127 1380 1125 1465; baseline -0.002 -22"><span class='ocrx_word' id='word_1_48' title='bbox 127 1407 141 1462; x_wconf 81' lang='lat'>5</span> <span class='ocrx_word' id='word_1_49' title='bbox 168 1381 235 1465; x_wconf 83' lang='lat' dir='ltr'>Qui</span> <span class='ocrx_word' id='word_1_50' title='bbox 250 1391 287 1444; x_wconf 93' lang='lat' dir='ltr'>ut</span> <span class='ocrx_word' id='word_1_51' title='bbox 304 1381 386 1445; x_wconf 93' lang='lat' dir='ltr'>nihil</span> <span class='ocrx_word' id='word_1_52' title='bbox 402 1382 556 1464; x_wconf 90' lang='lat' dir='ltr'>attingat,</span> <span class='ocrx_word' id='word_1_53' title='bbox 574 1381 639 1444; x_wconf 92' lang='lat' dir='ltr'>nisi</span> <span class='ocrx_word' id='word_1_54' title='bbox 655 1381 743 1463; x_wconf 93' lang='lat' dir='ltr'>quod</span> <span class='ocrx_word' id='word_1_55' title='bbox 758 1380 810 1443; x_wconf 86' lang='lat' dir='ltr'>fas</span> <span class='ocrx_word' id='word_1_56' title='bbox 826 1388 965 1462; x_wconf 88' lang='lat' dir='ltr'>tangere</span> <span class='ocrx_word' id='word_1_57' title='bbox 979 1399 1047 1442; x_wconf 92' lang='lat' dir='ltr'>non</span> <span class='ocrx_word' id='word_1_58' title='bbox 1064 1389 1125 1456; x_wconf 83' lang='lat' dir='ltr'>est,</span> 
     </span>
     <span class='ocr_line' id='line_1_10' title="bbox 214 1482 920 1569; baseline -0.003 -21"><span class='ocrx_word' id='word_1_59' title='bbox 214 1486 440 1569; x_wconf 84' lang='lat' dir='ltr'>Quantumuis</span> <span class='ocrx_word' id='word_1_60' title='bbox 456 1507 558 1569; x_wconf 94' lang='lat' dir='ltr'>quare</span> <span class='ocrx_word' id='word_1_61' title='bbox 575 1485 617 1548; x_wconf 93' lang='lat' dir='ltr'>sit</span> <span class='ocrx_word' id='word_1_62' title='bbox 634 1505 746 1548; x_wconf 87' lang='lat' dir='ltr'>macer</span> <span class='ocrx_word' id='word_1_63' title='bbox 761 1482 920 1547; x_wconf 90' lang='lat' dir='ltr'>inuenies.</span> 
     </span>
    </p>
   </div>
   <div class='ocr_carea' id='block_1_5' title="bbox 610 1707 664 1774">
    <p class='ocr_par' dir='ltr' id='par_1_5' title="bbox 610 1707 664 1774">
     <span class='ocr_line' id='line_1_11' title="bbox 610 1707 664 1774; baseline 0 -18"><span class='ocrx_word' id='word_1_64' title='bbox 610 1707 664 1774; x_wconf 89' lang='grc'>90.</span> 
     </span>
    </p>
   </div>
   <div class='ocr_carea' id='block_1_6' title="bbox 127 1836 1071 2439">
    <p class='ocr_par' dir='ltr' id='par_1_6' title="bbox 127 1836 1071 2439">
     <span class='ocr_line' id='line_1_12' title="bbox 171 1836 990 1919; baseline -0.001 -19"><span class='ocrx_word' id='word_1_65' title='bbox 171 1837 337 1900; x_wconf 85' lang='lat' dir='ltr'>Nascatur</span> <span class='ocrx_word' id='word_1_66' title='bbox 352 1857 470 1919; x_wconf 91' lang='lat' dir='ltr'>magus</span> <span class='ocrx_word' id='word_1_67' title='bbox 486 1856 527 1899; x_wconf 86' lang='lat' dir='ltr'>ex</span> <span class='ocrx_word' id='word_1_68' title='bbox 544 1836 631 1899; x_wconf 92' lang='lat' dir='ltr'>Gelli</span> <span class='ocrx_word' id='word_1_69' title='bbox 647 1836 829 1919; x_wconf 88' lang='lat' dir='ltr'>matrisque</span> <span class='ocrx_word' id='word_1_70' title='bbox 846 1837 990 1900; x_wconf 84' lang='lat' dir='ltr'>nefando</span> 
     </span>
     <span class='ocr_line' id='line_1_13' title="bbox 215 1940 998 2024; baseline 0 -20"><span class='ocrx_word' id='word_1_71' title='bbox 215 1940 379 2024; x_wconf 88' lang='lat' dir='ltr'>Coniugio</span> <span class='ocrx_word' id='word_1_72' title='bbox 395 1953 428 2004; x_wconf 93' lang='lat' dir='ltr'>et</span> <span class='ocrx_word' id='word_1_73' title='bbox 444 1941 551 2004; x_wconf 90' lang='lat' dir='ltr'>discat</span> <span class='ocrx_word' id='word_1_74' title='bbox 569 1941 738 2004; x_wconf 91' lang='lat' dir='ltr'>Persicum</span> <span class='ocrx_word' id='word_1_75' title='bbox 754 1940 998 2023; x_wconf 87' lang='lat' dir='ltr'>haruspicium:</span> 
     </span>
     <span class='ocr_line' id='line_1_14' title="bbox 171 2044 1071 2127; baseline 0 -19"><span class='ocrx_word' id='word_1_76' title='bbox 171 2044 259 2108; x_wconf 89' lang='lat' dir='ltr'>Nam</span> <span class='ocrx_word' id='word_1_77' title='bbox 276 2065 392 2127; x_wconf 92' lang='lat' dir='ltr'>magus</span> <span class='ocrx_word' id='word_1_78' title='bbox 408 2066 449 2109; x_wconf 84' lang='lat' dir='ltr'>ex</span> <span class='ocrx_word' id='word_1_79' title='bbox 465 2054 573 2108; x_wconf 88' lang='lat' dir='ltr'>matre</span> <span class='ocrx_word' id='word_1_80' title='bbox 589 2054 623 2108; x_wconf 90' lang='lat' dir='ltr'>et</span> <span class='ocrx_word' id='word_1_81' title='bbox 639 2055 741 2126; x_wconf 90' lang='lat' dir='ltr'>gnato</span> <span class='ocrx_word' id='word_1_82' title='bbox 757 2045 915 2127; x_wconf 83' lang='lat' dir='ltr'>gignatur</span> <span class='ocrx_word' id='word_1_83' title='bbox 931 2053 1071 2126; x_wconf 88' lang='lat' dir='ltr'>oportet,</span> 
     </span>
     <span class='ocr_line' id='line_1_15' title="bbox 214 2148 860 2231; baseline 0 -19"><span class='ocrx_word' id='word_1_84' title='bbox 214 2148 251 2212; x_wconf 91' lang='lat' dir='ltr'>Si</span> <span class='ocrx_word' id='word_1_85' title='bbox 266 2168 346 2211; x_wconf 90' lang='lat' dir='ltr'>uera</span> <span class='ocrx_word' id='word_1_86' title='bbox 361 2158 413 2213; x_wconf 92' lang='lat' dir='ltr'>est</span> <span class='ocrx_word' id='word_1_87' title='bbox 430 2150 604 2212; x_wconf 90' lang='lat' dir='ltr'>Persarum</span> <span class='ocrx_word' id='word_1_88' title='bbox 620 2148 720 2230; x_wconf 91' lang='lat' dir='ltr'>impia</span> <span class='ocrx_word' id='word_1_89' title='bbox 735 2148 860 2231; x_wconf 88' lang='lat' dir='ltr'>religio,</span> 
     </span>
     <span class='ocr_line' id='line_1_16' title="bbox 127 2251 967 2334; baseline 0.002 -20"><span class='ocrx_word' id='word_1_90' title='bbox 127 2279 141 2333; x_wconf 81' lang='lat'><strong>5</strong></span> <span class='ocrx_word' id='word_1_91' title='bbox 169 2251 293 2316; x_wconf 86' lang='lat' dir='ltr'>Gratus</span> <span class='ocrx_word' id='word_1_92' title='bbox 308 2262 346 2316; x_wconf 93' lang='lat' dir='ltr'>ut</span> <span class='ocrx_word' id='word_1_93' title='bbox 362 2263 500 2334; x_wconf 91' lang='lat' dir='ltr'>accepto</span> <span class='ocrx_word' id='word_1_94' title='bbox 516 2261 695 2315; x_wconf 91' lang='lat' dir='ltr'>ueneretur</span> <span class='ocrx_word' id='word_1_95' title='bbox 710 2253 855 2317; x_wconf 88' lang='lat' dir='ltr'>carmine</span> <span class='ocrx_word' id='word_1_96' title='bbox 872 2253 967 2316; x_wconf 93' lang='lat' dir='ltr'>diuos</span> 
     </span>
     <span class='ocr_line' id='line_1_17' title="bbox 216 2356 978 2439; baseline 0 -19"><span class='ocrx_word' id='word_1_97' title='bbox 216 2356 397 2420; x_wconf 91' lang='lat' dir='ltr'>Omentum</span> <span class='ocrx_word' id='word_1_98' title='bbox 416 2357 449 2420; x_wconf 90' lang='lat' dir='ltr'>in</span> <span class='ocrx_word' id='word_1_99' title='bbox 465 2356 598 2419; x_wconf 89' lang='lat' dir='ltr'>flamma</span> <span class='ocrx_word' id='word_1_100' title='bbox 614 2356 737 2438; x_wconf 85' lang='lat' dir='ltr'>pingue</span> <span class='ocrx_word' id='word_1_101' title='bbox 753 2357 978 2439; x_wconf 86' lang='lat' dir='ltr'>liquefaciens.</span> 
     </span>
    </p>
   </div>
   <div class='ocr_carea' id='block_1_7' title="bbox 108 2546 1168 3862">
    <p class='ocr_par' dir='ltr' id='par_1_7' title="bbox 110 2546 1164 2674">
     <span class='ocr_line' id='line_1_18' title="bbox 112 2546 1164 2610; baseline 0.002 -16"><span class='ocrx_word' id='word_1_102' title='bbox 112 2546 377 2595; x_wconf 78' lang='lat' dir='ltr'>loris-Oceanus:</span> <span class='ocrx_word' id='word_1_103' title='bbox 406 2546 466 2594; x_wconf 92' lang='lat' dir='ltr'>with</span> <span class='ocrx_word' id='word_1_104' title='bbox 486 2547 535 2594; x_wconf 87' lang='lat' dir='ltr'>this</span> <span class='ocrx_word' id='word_1_105' title='bbox 558 2563 616 2594; x_wconf 91' lang='lat' dir='ltr'>con·</span> <span class='ocrx_word' id='word_1_106' title='bbox 662 2546 718 2595; x_wconf 89' lang='lat' dir='ltr'>Tib.</span> <span class='ocrx_word' id='word_1_107' title='bbox 731 2548 751 2595; x_wconf 91' lang='lat'>1.</span> <span class='ocrx_word' id='word_1_108' title='bbox 764 2547 787 2595; x_wconf 89' lang='lat'>8.</span> <span class='ocrx_word' id='word_1_109' title='bbox 801 2560 833 2610; x_wconf 85' lang='lat'>54</span> <span class='ocrx_word' id='word_1_110' title='bbox 849 2547 965 2594; x_wconf 82' lang='lat' dir='ltr'>lacrimis</span> <span class='ocrx_word' id='word_1_111' title='bbox 982 2549 1069 2595; x_wconf 84' lang='lat' dir='ltr'>omnia</span> <span class='ocrx_word' id='word_1_112' title='bbox 1085 2548 1164 2610; x_wconf 80' lang='lat' dir='ltr'>plena</span> 
     </span>
     <span class='ocr_line' id='line_1_19' title="bbox 110 2611 770 2674; baseline -0.003 -14"><span class='ocrx_word' id='word_1_113' title='bbox 110 2611 224 2674; x_wconf 87' lang='lat' dir='ltr'>junction</span> <span class='ocrx_word' id='word_1_114' title='bbox 237 2611 265 2659; x_wconf 88' lang='lat' dir='ltr'>ol</span> <span class='ocrx_word' id='word_1_115' title='bbox 278 2613 390 2660; x_wconf 85' lang='lat' dir='ltr'>Oceanus</span> <span class='ocrx_word' id='word_1_116' title='bbox 402 2612 462 2660; x_wconf 92' lang='lat' dir='ltr'>with</span> <span class='ocrx_word' id='word_1_117' title='bbox 481 2612 567 2674; x_wconf 76' lang='lat' dir='ltr'>l&#39;ellys</span> <span class='ocrx_word' id='word_1_118' title='bbox 585 2612 616 2660; x_wconf 87' lang='lat' dir='ltr'>cl.</span> <span class='ocrx_word' id='word_1_119' title='bbox 662 2613 770 2660; x_wconf 81' lang='lat' dir='ltr'>madent.</span> 
     </span>
    </p>

    <p class='ocr_par' dir='ltr' id='par_1_8' title="bbox 111 2671 1164 2808">
     <span class='ocr_line' id='line_1_20' title="bbox 114 2671 1164 2737; baseline 0.003 -12"><span class='ocrx_word' id='word_1_120' title='bbox 114 2679 192 2726; x_wconf 91' lang='lat' dir='ltr'>Hom.</span> <span class='ocrx_word' id='word_1_121' title='bbox 203 2678 234 2726; x_wconf 88' lang='lat' dir='ltr'>ll.</span> <span class='ocrx_word' id='word_1_122' title='bbox 243 2678 313 2726; x_wconf 92' lang='lat' dir='ltr'>XIV.</span> <span class='ocrx_word' id='word_1_123' title='bbox 325 2690 368 2725; x_wconf 90' lang='lat'>201</span> <span class='ocrx_word' id='word_1_124' title='bbox 381 2671 496 2725; x_wconf 82' lang='grc' dir='ltr'>Ὠκεανόν</span> <span class='ocrx_word' id='word_1_125' title='bbox 507 2695 544 2737; x_wconf 84' lang='grc' dir='ltr'>τε,</span> <span class='ocrx_word' id='word_1_126' title='bbox 556 2679 617 2725; x_wconf 78' lang='grc' dir='ltr'>θεῶν</span> <span class='ocrx_word' id='word_1_127' title='bbox 694 2676 743 2729; x_wconf 81' lang='lat'>90.</span> <span class='ocrx_word' id='word_1_128' title='bbox 763 2679 803 2727; x_wconf 92' lang='lat' dir='ltr'>On</span> <span class='ocrx_word' id='word_1_129' title='bbox 824 2678 866 2726; x_wconf 91' lang='lat' dir='ltr'>the</span> <span class='ocrx_word' id='word_1_130' title='bbox 883 2694 952 2726; x_wconf 87' lang='lat' dir='ltr'>same</span> <span class='ocrx_word' id='word_1_131' title='bbox 975 2679 1059 2726; x_wconf 90' lang='lat' dir='ltr'>theme</span> <span class='ocrx_word' id='word_1_132' title='bbox 1077 2694 1104 2727; x_wconf 94' lang='lat' dir='ltr'>as</span> <span class='ocrx_word' id='word_1_133' title='bbox 1121 2680 1164 2728; x_wconf 92' lang='lat' dir='ltr'>the</span> 
     </span>
     <span class='ocr_line' id='line_1_21' title="bbox 111 2740 807 2808; baseline -0.001 -17"><span class='ocrx_word' id='word_1_134' title='bbox 111 2744 218 2802; x_wconf 82' lang='grc' dir='ltr'>γένεσιν,</span> <span class='ocrx_word' id='word_1_135' title='bbox 231 2744 378 2804; x_wconf 79' lang='grc' dir='ltr'>καὶμητέρα</span> <span class='ocrx_word' id='word_1_136' title='bbox 391 2740 478 2802; x_wconf 82' lang='grc' dir='ltr'>Τηθύν.</span> <span class='ocrx_word' id='word_1_137' title='bbox 661 2745 807 2808; x_wconf 84' lang='lat' dir='ltr'>preceding.</span> 
     </span>
    </p>

    <p class='ocr_par' dir='ltr' id='par_1_9' title="bbox 108 2809 1168 3203">
     <span class='ocr_line' id='line_1_22' title="bbox 147 2809 1168 2873; baseline 0.002 -17"><span class='ocrx_word' id='word_1_138' title='bbox 147 2822 168 2872; x_wconf 91' lang='lat'>7.</span> <span class='ocrx_word' id='word_1_139' title='bbox 186 2809 258 2857; x_wconf 89' lang='lat' dir='ltr'>nihil</span> <span class='ocrx_word' id='word_1_140' title='bbox 272 2809 440 2871; x_wconf 88' lang='lat' dir='ltr'>quicquam:</span> <span class='ocrx_word' id='word_1_141' title='bbox 460 2816 531 2858; x_wconf 87' lang='lat' dir='ltr'>anot</span> <span class='ocrx_word' id='word_1_142' title='bbox 543 2809 617 2858; x_wconf 88' lang='lat' dir='ltr'>infre·</span> <span class='ocrx_word' id='word_1_143' title='bbox 694 2824 718 2870; x_wconf 89' lang='lat'>4.</span> <span class='ocrx_word' id='word_1_144' title='bbox 737 2811 908 2858; x_wconf 85' lang='lat' dir='ltr'>Persarum:</span> <span class='ocrx_word' id='word_1_145' title='bbox 939 2810 982 2857; x_wconf 91' lang='lat' dir='ltr'>the</span> <span class='ocrx_word' id='word_1_146' title='bbox 1005 2809 1114 2873; x_wconf 85' lang='lat' dir='ltr'>practice</span> <span class='ocrx_word' id='word_1_147' title='bbox 1138 2809 1168 2858; x_wconf 84' lang='lat' dir='ltr'>ol</span> 
     </span>
     <span class='ocr_line' id='line_1_23' title="bbox 112 2875 1163 2938; baseline 0.001 -15"><span class='ocrx_word' id='word_1_148' title='bbox 112 2882 190 2938; x_wconf 91' lang='lat' dir='ltr'>quent</span> <span class='ocrx_word' id='word_1_149' title='bbox 206 2875 348 2937; x_wconf 86' lang='lat' dir='ltr'>expression</span> <span class='ocrx_word' id='word_1_150' title='bbox 361 2875 387 2922; x_wconf 93' lang='lat' dir='ltr'>in</span> <span class='ocrx_word' id='word_1_151' title='bbox 399 2875 442 2923; x_wconf 92' lang='lat' dir='ltr'>the</span> <span class='ocrx_word' id='word_1_152' title='bbox 457 2875 612 2933; x_wconf 87' lang='lat' dir='ltr'>comedians;</span> <span class='ocrx_word' id='word_1_153' title='bbox 660 2875 803 2923; x_wconf 90' lang='lat' dir='ltr'>incestuous</span> <span class='ocrx_word' id='word_1_154' title='bbox 832 2875 967 2936; x_wconf 87' lang='lat' dir='ltr'>marriages</span> <span class='ocrx_word' id='word_1_155' title='bbox 998 2891 1091 2938; x_wconf 89' lang='lat' dir='ltr'>among</span> <span class='ocrx_word' id='word_1_156' title='bbox 1120 2876 1163 2924; x_wconf 88' lang='lat' dir='ltr'>the</span> 
     </span>
     <span class='ocr_line' id='line_1_24' title="bbox 113 2940 1164 3004; baseline 0.003 -17"><span class='ocrx_word' id='word_1_157' title='bbox 113 2940 144 2989; x_wconf 85' lang='lat' dir='ltr'>cl.</span> <span class='ocrx_word' id='word_1_158' title='bbox 158 2940 236 2988; x_wconf 89' lang='lat' dir='ltr'>Plaut.</span> <span class='ocrx_word' id='word_1_159' title='bbox 252 2941 342 2988; x_wconf 81' lang='lat' dir='ltr'>Bacch.</span> <span class='ocrx_word' id='word_1_160' title='bbox 358 2940 420 3003; x_wconf 83' lang='lat'>1036</span> <span class='ocrx_word' id='word_1_161' title='bbox 432 2942 502 2988; x_wconf 77' lang='lat' dir='ltr'>nihil</span> <span class='ocrx_word' id='word_1_162' title='bbox 514 2957 553 3004; x_wconf 81' lang='lat' dir='ltr'>ego</span> <span class='ocrx_word' id='word_1_163' title='bbox 569 2941 617 2990; x_wconf 81' lang='lat' dir='ltr'>tibi</span> <span class='ocrx_word' id='word_1_164' title='bbox 662 2941 762 2988; x_wconf 89' lang='lat' dir='ltr'>Persian</span> <span class='ocrx_word' id='word_1_165' title='bbox 795 2941 865 3002; x_wconf 84' lang='lat' dir='ltr'>Magi</span> <span class='ocrx_word' id='word_1_166' title='bbox 899 2941 919 2988; x_wconf 90' lang='lat' dir='ltr'>is</span> <span class='ocrx_word' id='word_1_167' title='bbox 953 2941 1098 2990; x_wconf 84' lang='lat' dir='ltr'>mentioned</span> <span class='ocrx_word' id='word_1_168' title='bbox 1132 2942 1164 3004; x_wconf 92' lang='lat' dir='ltr'>by</span> 
     </span>
     <span class='ocr_line' id='line_1_25' title="bbox 111 3004 1163 3070; baseline 0 -16"><span class='ocrx_word' id='word_1_169' title='bbox 111 3006 182 3054; x_wconf 79' lang='lat' dir='ltr'>hodie</span> <span class='ocrx_word' id='word_1_170' title='bbox 197 3007 287 3053; x_wconf 84' lang='lat' dir='ltr'>consili</span> <span class='ocrx_word' id='word_1_171' title='bbox 304 3008 438 3069; x_wconf 83' lang='lat' dir='ltr'>quicquam</span> <span class='ocrx_word' id='word_1_172' title='bbox 456 3008 534 3060; x_wconf 79' lang='lat' dir='ltr'>dabo:</span> <span class='ocrx_word' id='word_1_173' title='bbox 559 3008 615 3056; x_wconf 86' lang='lat' dir='ltr'>Ter.</span> <span class='ocrx_word' id='word_1_174' title='bbox 662 3007 750 3056; x_wconf 88' lang='lat' dir='ltr'>Strabo</span> <span class='ocrx_word' id='word_1_175' title='bbox 773 3007 828 3055; x_wconf 92' lang='lat' dir='ltr'>XV.</span> <span class='ocrx_word' id='word_1_176' title='bbox 846 3022 871 3070; x_wconf 93' lang='lat' dir='ltr'>p.</span> <span class='ocrx_word' id='word_1_177' title='bbox 897 3018 942 3070; x_wconf 83' lang='lat'>735</span> <span class='ocrx_word' id='word_1_178' title='bbox 966 3004 1060 3055; x_wconf 80' lang='grc' dir='ltr'>τούτοις</span> <span class='ocrx_word' id='word_1_179' title='bbox 1078 3008 1105 3054; x_wconf 80' lang='grc' dir='ltr'>δὲ</span> <span class='ocrx_word' id='word_1_180' title='bbox 1123 3008 1163 3054; x_wconf 77' lang='grc' dir='ltr'>καὶ</span> 
     </span>
     <span class='ocr_line' id='line_1_26' title="bbox 113 3072 1163 3135; baseline 0.001 -16"><span class='ocrx_word' id='word_1_181' title='bbox 113 3073 239 3131; x_wconf 85' lang='lat' dir='ltr'>Andr.9o</span> <span class='ocrx_word' id='word_1_182' title='bbox 251 3074 428 3135; x_wconf 82' lang='lat' dir='ltr'>comperiebam</span> <span class='ocrx_word' id='word_1_183' title='bbox 442 3073 531 3121; x_wconf 86' lang='lat' dir='ltr'>m&#39;lad</span> <span class='ocrx_word' id='word_1_184' title='bbox 539 3074 615 3120; x_wconf 90' lang='lat' dir='ltr'>Pam·</span> <span class='ocrx_word' id='word_1_185' title='bbox 660 3073 768 3134; x_wconf 79' lang='grc' dir='ltr'>μητράσι</span> <span class='ocrx_word' id='word_1_186' title='bbox 791 3072 956 3134; x_wconf 81' lang='grc' dir='ltr'>συνέρχεσθαι</span> <span class='ocrx_word' id='word_1_187' title='bbox 978 3073 1083 3134; x_wconf 83' lang='grc' dir='ltr'>πάτριον</span> <span class='ocrx_word' id='word_1_188' title='bbox 1102 3072 1163 3120; x_wconf 79' lang='grc' dir='ltr'><em>νενό-</em></span> 
     </span>
     <span class='ocr_line' id='line_1_27' title="bbox 108 3137 1163 3203; baseline 0 -17"><span class='ocrx_word' id='word_1_189' title='bbox 108 3139 210 3203; x_wconf 81' lang='lat' dir='ltr'>philam</span> <span class='ocrx_word' id='word_1_190' title='bbox 221 3139 355 3201; x_wconf 83' lang='lat' dir='ltr'>quicquam</span> <span class='ocrx_word' id='word_1_191' title='bbox 368 3141 482 3187; x_wconf 83' lang='lat' dir='ltr'>attinere.</span> <span class='ocrx_word' id='word_1_192' title='bbox 660 3155 758 3197; x_wconf 79' lang='grc' dir='ltr'>μισται;</span> <span class='ocrx_word' id='word_1_193' title='bbox 792 3137 823 3187; x_wconf 86' lang='lat' dir='ltr'>cl.</span> <span class='ocrx_word' id='word_1_194' title='bbox 847 3138 899 3186; x_wconf 88' lang='lat' dir='ltr'>also</span> <span class='ocrx_word' id='word_1_195' title='bbox 924 3139 1008 3202; x_wconf 90' lang='lat' dir='ltr'>Eurip.</span> <span class='ocrx_word' id='word_1_196' title='bbox 1039 3139 1163 3188; x_wconf 85' lang='lat' dir='ltr'>Androm.</span> 
     </span>
    </p>

    <p class='ocr_par' dir='ltr' id='par_1_10' title="bbox 146 3204 1163 3269">
     <span class='ocr_line' id='line_1_28' title="bbox 146 3204 1163 3269; baseline 0.001 -17"><span class='ocrx_word' id='word_1_197' title='bbox 146 3204 169 3252; x_wconf 91' lang='lat'>8.</span> <span class='ocrx_word' id='word_1_198' title='bbox 187 3219 245 3252; x_wconf 91' lang='lat' dir='ltr'>non</span> <span class='ocrx_word' id='word_1_199' title='bbox 258 3205 298 3253; x_wconf 86' lang='lat' dir='ltr'>si:</span> <span class='ocrx_word' id='word_1_200' title='bbox 311 3219 353 3253; x_wconf 90' lang='lat' dir='ltr'>see</span> <span class='ocrx_word' id='word_1_201' title='bbox 364 3205 404 3266; x_wconf 89' lang='lat'>48.</span> <span class='ocrx_word' id='word_1_202' title='bbox 418 3218 431 3269; x_wconf 79' lang='lat'>5</span> <span class='ocrx_word' id='word_1_203' title='bbox 445 3221 469 3253; x_wconf 90' lang='lat' dir='ltr'>n.</span> <span class='ocrx_word' id='word_1_204' title='bbox 663 3217 708 3267; x_wconf 81' lang='lat'>173</span> <span class='ocrx_word' id='word_1_205' title='bbox 725 3205 750 3254; x_wconf 87' lang='lat' dir='ltr'>ff.</span> <span class='ocrx_word' id='word_1_206' title='bbox 768 3206 817 3253; x_wconf 91' lang='lat' dir='ltr'>and</span> <span class='ocrx_word' id='word_1_207' title='bbox 835 3204 943 3262; x_wconf 84' lang='lat' dir='ltr'>scholia;</span> <span class='ocrx_word' id='word_1_208' title='bbox 964 3205 1031 3252; x_wconf 88' lang='lat' dir='ltr'>Tert.</span> <span class='ocrx_word' id='word_1_209' title='bbox 1050 3206 1120 3267; x_wconf 80' lang='lat' dir='ltr'>Apol.</span> <span class='ocrx_word' id='word_1_210' title='bbox 1138 3221 1163 3268; x_wconf 93' lang='lat' dir='ltr'>p.</span> 
     </span>
    </p>

    <p class='ocr_par' dir='ltr' id='par_1_11' title="bbox 146 3269 1163 3323">
     <span class='ocr_line' id='line_1_29' title="bbox 146 3269 1163 3323; baseline -0.005 -1"><span class='ocrx_word' id='word_1_211' title='bbox 146 3269 195 3323; x_wconf 79' lang='grc'>89.</span> <span class='ocrx_word' id='word_1_212' title='bbox 215 3272 255 3320; x_wconf 95' lang='lat' dir='ltr'>On</span> <span class='ocrx_word' id='word_1_213' title='bbox 267 3271 310 3319; x_wconf 91' lang='lat' dir='ltr'>the</span> <span class='ocrx_word' id='word_1_214' title='bbox 322 3287 390 3319; x_wconf 90' lang='lat' dir='ltr'>same</span> <span class='ocrx_word' id='word_1_215' title='bbox 407 3271 492 3319; x_wconf 86' lang='lat' dir='ltr'>theme</span> <span class='ocrx_word' id='word_1_216' title='bbox 505 3286 532 3319; x_wconf 92' lang='lat' dir='ltr'>as</span> <span class='ocrx_word' id='word_1_217' title='bbox 543 3287 562 3318; x_wconf 91' lang='lat' dir='ltr'>c.</span> <span class='ocrx_word' id='word_1_218' title='bbox 575 3271 615 3319; x_wconf 89' lang='lat'>88.</span> <span class='ocrx_word' id='word_1_219' title='bbox 663 3283 693 3318; x_wconf 92' lang='lat'>10</span> <span class='ocrx_word' id='word_1_220' title='bbox 710 3273 799 3318; x_wconf 86' lang='lat' dir='ltr'>Persas</span> <span class='ocrx_word' id='word_1_221' title='bbox 816 3287 873 3318; x_wconf 82' lang='lat' dir='ltr'>eccm</span> <span class='ocrx_word' id='word_1_222' title='bbox 892 3271 946 3317; x_wconf 83' lang='lat' dir='ltr'>suis</span> <span class='ocrx_word' id='word_1_223' title='bbox 963 3271 1088 3318; x_wconf 81' lang='lat' dir='ltr'>ncatribus</span> <span class='ocrx_word' id='word_1_224' title='bbox 1104 3272 1163 3318; x_wconf 85' lang='lat' dir='ltr'>mis·</span> 
     </span>
    </p>

    <p class='ocr_par' dir='ltr' id='par_1_12' title="bbox 113 3336 1163 3466">
     <span class='ocr_line' id='line_1_30' title="bbox 149 3336 914 3401; baseline -0.001 -16"><span class='ocrx_word' id='word_1_225' title='bbox 149 3351 169 3385; x_wconf 93' lang='lat'>1.</span> <span class='ocrx_word' id='word_1_226' title='bbox 187 3339 271 3396; x_wconf 86' lang='lat' dir='ltr'>bona,</span> <span class='ocrx_word' id='word_1_227' title='bbox 299 3338 422 3400; x_wconf 73' lang='lat' dir='ltr'>obliging5</span> <span class='ocrx_word' id='word_1_228' title='bbox 451 3336 481 3385; x_wconf 87' lang='lat' dir='ltr'>cl.</span> <span class='ocrx_word' id='word_1_229' title='bbox 514 3349 567 3384; x_wconf 87' lang='lat'>110.</span> <span class='ocrx_word' id='word_1_230' title='bbox 602 3349 612 3384; x_wconf 89' lang='lat'>1</span> <span class='ocrx_word' id='word_1_231' title='bbox 659 3337 711 3384; x_wconf 87' lang='lat' dir='ltr'>ceri</span> <span class='ocrx_word' id='word_1_232' title='bbox 728 3338 818 3384; x_wconf 82' lang='lat' dir='ltr'>Ctesias</span> <span class='ocrx_word' id='word_1_233' title='bbox 830 3338 914 3401; x_wconf 82' lang='lat' dir='ltr'>refert.</span> 
     </span>
     <span class='ocr_line' id='line_1_31' title="bbox 113 3402 1163 3466; baseline -0.003 -13"><span class='ocrx_word' id='word_1_234' title='bbox 113 3405 191 3453; x_wconf 86' lang='lat' dir='ltr'>bonae</span> <span class='ocrx_word' id='word_1_235' title='bbox 203 3405 306 3452; x_wconf 83' lang='lat' dir='ltr'>amicae.</span> <span class='ocrx_word' id='word_1_236' title='bbox 694 3414 716 3466; x_wconf 78' lang='lat'>5.</span> <span class='ocrx_word' id='word_1_237' title='bbox 734 3411 830 3464; x_wconf 86' lang='lat' dir='ltr'>gratus</span> <span class='ocrx_word' id='word_1_238' title='bbox 843 3409 959 3464; x_wconf 88' lang='lat' dir='ltr'>accepto</span> <span class='ocrx_word' id='word_1_239' title='bbox 972 3402 1111 3451; x_wconf 86' lang='lat' dir='ltr'>carmine:</span> <span class='ocrx_word' id='word_1_240' title='bbox 1131 3402 1163 3450; x_wconf 87' lang='lat' dir='ltr'>cl.</span> 
     </span>
    </p>

    <p class='ocr_par' dir='ltr' id='par_1_13' title="bbox 111 3467 1164 3664">
     <span class='ocr_line' id='line_1_32' title="bbox 146 3467 1164 3532; baseline -0.003 -13"><span class='ocrx_word' id='word_1_241' title='bbox 146 3483 169 3532; x_wconf 91' lang='lat'>3.</span> <span class='ocrx_word' id='word_1_242' title='bbox 187 3471 280 3519; x_wconf 85' lang='lat' dir='ltr'>bonus</span> <span class='ocrx_word' id='word_1_243' title='bbox 298 3477 430 3532; x_wconf 85' lang='lat' dir='ltr'>patruus:</span> <span class='ocrx_word' id='word_1_244' title='bbox 455 3469 498 3516; x_wconf 91' lang='lat' dir='ltr'>the</span> <span class='ocrx_word' id='word_1_245' title='bbox 518 3483 614 3531; x_wconf 87' lang='lat' dir='ltr'>expres·</span> <span class='ocrx_word' id='word_1_246' title='bbox 660 3467 699 3531; x_wconf 89' lang='lat'>67.</span> <span class='ocrx_word' id='word_1_247' title='bbox 718 3468 749 3515; x_wconf 90' lang='lat'>26</span> <span class='ocrx_word' id='word_1_248' title='bbox 767 3469 979 3517; x_wconf 85' lang='lat' dir='ltr'>n.—earmine:</span> <span class='ocrx_word' id='word_1_249' title='bbox 1005 3468 1048 3515; x_wconf 89' lang='lat' dir='ltr'>the</span> <span class='ocrx_word' id='word_1_250' title='bbox 1065 3468 1164 3516; x_wconf 90' lang='lat' dir='ltr'>litanies</span> 
     </span>
     <span class='ocr_line' id='line_1_33' title="bbox 111 3533 1163 3598; baseline -0.002 -14"><span class='ocrx_word' id='word_1_251' title='bbox 111 3536 167 3584; x_wconf 92' lang='lat' dir='ltr'>sion</span> <span class='ocrx_word' id='word_1_252' title='bbox 178 3536 241 3584; x_wconf 81' lang='lat' dir='ltr'>finds</span> <span class='ocrx_word' id='word_1_253' title='bbox 253 3551 285 3583; x_wconf 95' lang='lat' dir='ltr'>an</span> <span class='ocrx_word' id='word_1_254' title='bbox 297 3534 457 3598; x_wconf 85' lang='lat' dir='ltr'>explanation</span> <span class='ocrx_word' id='word_1_255' title='bbox 469 3534 495 3581; x_wconf 92' lang='lat' dir='ltr'>in</span> <span class='ocrx_word' id='word_1_256' title='bbox 507 3551 525 3581; x_wconf 90' lang='lat' dir='ltr'>c.</span> <span class='ocrx_word' id='word_1_257' title='bbox 537 3546 574 3596; x_wconf 90' lang='lat'>74.</span> <span class='ocrx_word' id='word_1_258' title='bbox 582 3561 616 3570; x_wconf 90' lang='lat'>—</span> <span class='ocrx_word' id='word_1_259' title='bbox 659 3533 688 3581; x_wconf 87' lang='lat' dir='ltr'>of</span> <span class='ocrx_word' id='word_1_260' title='bbox 697 3533 767 3581; x_wconf 89' lang='lat' dir='ltr'>these</span> <span class='ocrx_word' id='word_1_261' title='bbox 780 3534 869 3596; x_wconf 88' lang='lat' dir='ltr'>priests</span> <span class='ocrx_word' id='word_1_262' title='bbox 887 3550 928 3582; x_wconf 89' lang='lat' dir='ltr'>are</span> <span class='ocrx_word' id='word_1_263' title='bbox 946 3533 999 3582; x_wconf 88' lang='lat' dir='ltr'>also</span> <span class='ocrx_word' id='word_1_264' title='bbox 1017 3533 1163 3582; x_wconf 89' lang='lat' dir='ltr'>mentioned</span> 
     </span>
     <span class='ocr_line' id='line_1_34' title="bbox 112 3599 958 3664; baseline -0.004 -14"><span class='ocrx_word' id='word_1_265' title='bbox 112 3603 210 3650; x_wconf 85' lang='lat' dir='ltr'>omnia</span> <span class='ocrx_word' id='word_1_266' title='bbox 227 3600 326 3664; x_wconf 69' lang='lat' dir='ltr'>plenae</span> <span class='ocrx_word' id='word_1_267' title='bbox 345 3599 377 3648; x_wconf 80' lang='lat' dir='ltr'>cf.</span> <span class='ocrx_word' id='word_1_268' title='bbox 395 3599 447 3648; x_wconf 90' lang='lat' dir='ltr'>Cic.</span> <span class='ocrx_word' id='word_1_269' title='bbox 460 3602 509 3647; x_wconf 77' lang='lat' dir='ltr'>Act.</span> <span class='ocrx_word' id='word_1_270' title='bbox 525 3600 560 3648; x_wconf 91' lang='lat'>11.</span> <span class='ocrx_word' id='word_1_271' title='bbox 576 3613 614 3660; x_wconf 91' lang='lat'>24.</span> <span class='ocrx_word' id='word_1_272' title='bbox 659 3599 685 3646; x_wconf 91' lang='lat' dir='ltr'>in</span> <span class='ocrx_word' id='word_1_273' title='bbox 698 3599 786 3647; x_wconf 87' lang='lat' dir='ltr'>Strabo</span> <span class='ocrx_word' id='word_1_274' title='bbox 798 3599 853 3647; x_wconf 90' lang='lat' dir='ltr'>XV.</span> <span class='ocrx_word' id='word_1_275' title='bbox 866 3615 890 3662; x_wconf 92' lang='lat' dir='ltr'>p.</span> <span class='ocrx_word' id='word_1_276' title='bbox 904 3612 958 3662; x_wconf 86' lang='lat'>733.</span> 
     </span>
    </p>

    <p class='ocr_par' dir='ltr' id='par_1_14' title="bbox 112 3664 1163 3862">
     <span class='ocr_line' id='line_1_35' title="bbox 112 3664 1163 3728; baseline -0.003 -13"><span class='ocrx_word' id='word_1_277' title='bbox 112 3682 128 3728; x_wconf 91' lang='lat'>4</span> <span class='ocrx_word' id='word_1_278' title='bbox 141 3669 177 3715; x_wconf 81' lang='lat' dir='ltr'>ica</span> <span class='ocrx_word' id='word_1_279' title='bbox 189 3674 251 3714; x_wconf 82' lang='lat' dir='ltr'>sunt</span> <span class='ocrx_word' id='word_1_280' title='bbox 261 3667 348 3713; x_wconf 88' lang='lat' dir='ltr'>omnia</span> <span class='ocrx_word' id='word_1_281' title='bbox 365 3666 480 3713; x_wconf 84' lang='lat' dir='ltr'>omnium</span> <span class='ocrx_word' id='word_1_282' title='bbox 499 3666 614 3712; x_wconf 86' lang='lat' dir='ltr'>miserio-</span> <span class='ocrx_word' id='word_1_283' title='bbox 692 3664 715 3713; x_wconf 90' lang='lat'>6.</span> <span class='ocrx_word' id='word_1_284' title='bbox 734 3673 888 3722; x_wconf 87' lang='lat' dir='ltr'>omentum,</span> <span class='ocrx_word' id='word_1_285' title='bbox 899 3671 962 3712; x_wconf 78' lang='lat' dir='ltr'>ete:</span> <span class='ocrx_word' id='word_1_286' title='bbox 981 3664 1011 3712; x_wconf 87' lang='lat' dir='ltr'>cl.</span> <span class='ocrx_word' id='word_1_287' title='bbox 1022 3665 1088 3712; x_wconf 93' lang='lat' dir='ltr'>Pers.</span> <span class='ocrx_word' id='word_1_288' title='bbox 1099 3677 1121 3712; x_wconf 92' lang='lat'>2.</span> <span class='ocrx_word' id='word_1_289' title='bbox 1130 3677 1163 3728; x_wconf 89' lang='lat'>47</span> 
     </span>
     <span class='ocr_line' id='line_1_36' title="bbox 113 3730 1162 3795; baseline -0.003 -14"><span class='ocrx_word' id='word_1_290' title='bbox 113 3749 172 3781; x_wconf 83' lang='lat' dir='ltr'>cum</span> <span class='ocrx_word' id='word_1_291' title='bbox 192 3732 361 3795; x_wconf 77' lang='lat' dir='ltr'>plenissima:</span> <span class='ocrx_word' id='word_1_292' title='bbox 384 3731 459 3793; x_wconf 89' lang='lat' dir='ltr'>Verg.</span> <span class='ocrx_word' id='word_1_293' title='bbox 486 3733 558 3779; x_wconf 84' lang='lat' dir='ltr'>Geor.</span> <span class='ocrx_word' id='word_1_294' title='bbox 579 3731 614 3778; x_wconf 90' lang='lat' dir='ltr'>ll.</span> <span class='ocrx_word' id='word_1_295' title='bbox 660 3730 689 3777; x_wconf 80' lang='lat' dir='ltr'>in</span> <span class='ocrx_word' id='word_1_296' title='bbox 696 3731 821 3794; x_wconf 81' lang='lat' dir='ltr'>stammas</span> <span class='ocrx_word' id='word_1_297' title='bbox 833 3730 951 3777; x_wconf 83' lang='lat' dir='ltr'>iunicum</span> <span class='ocrx_word' id='word_1_298' title='bbox 964 3738 1061 3778; x_wconf 82' lang='lat' dir='ltr'>omenta</span> <span class='ocrx_word' id='word_1_299' title='bbox 1074 3731 1162 3793; x_wconf 88' lang='lat' dir='ltr'>liques·</span> 
     </span>
     <span class='ocr_line' id='line_1_37' title="bbox 112 3795 1163 3862; baseline -0.001 -16"><span class='ocrx_word' id='word_1_300' title='bbox 112 3813 129 3862; x_wconf 90' lang='lat'>4</span> <span class='ocrx_word' id='word_1_301' title='bbox 140 3800 192 3847; x_wconf 83' lang='lat' dir='ltr'>tuis</span> <span class='ocrx_word' id='word_1_302' title='bbox 201 3799 243 3848; x_wconf 73' lang='lat' dir='ltr'>laic</span> <span class='ocrx_word' id='word_1_303' title='bbox 253 3798 341 3846; x_wconf 84' lang='lat' dir='ltr'>omnio</span> <span class='ocrx_word' id='word_1_304' title='bbox 354 3797 433 3860; x_wconf 83' lang='lat' dir='ltr'>plena</span> <span class='ocrx_word' id='word_1_305' title='bbox 446 3797 614 3851; x_wconf 76' lang='lat' dir='ltr'>mammons,-</span> <span class='ocrx_word' id='word_1_306' title='bbox 659 3802 725 3843; x_wconf 85' lang='lat' dir='ltr'>cant.</span> <span class='ocrx_word' id='word_1_307' title='bbox 733 3795 971 3858; x_wconf 72' lang='lat' dir='ltr'>-liqueraeiensz</span> <span class='ocrx_word' id='word_1_308' title='bbox 989 3795 1021 3845; x_wconf 86' lang='lat' dir='ltr'>cf.</span> <span class='ocrx_word' id='word_1_309' title='bbox 1031 3797 1091 3845; x_wconf 89' lang='lat' dir='ltr'>Intr.</span> <span class='ocrx_word' id='word_1_310' title='bbox 1102 3795 1134 3845; x_wconf 82' lang='lat'>86</span> <span class='ocrx_word' id='word_1_311' title='bbox 1140 3799 1163 3861; x_wconf 68' lang='lat' dir='ltr'><em>fi</em></span> 
     </span>
    </p>
   </div>
   <div class='ocr_carea' id='block_1_8' title="bbox 0 0 1286 4200">
    <p class='ocr_par' dir='ltr' id='par_1_15' title="bbox 0 0 1286 4200">
     <span class='ocr_line' id='line_1_38' title="bbox 0 0 1286 4200; baseline 0 1"><span class='ocrx_word' id='word_1_312' title='bbox 0 0 1286 4200; x_wconf 95' lang='lat' dir='ltr'> </span> 
     </span>
    </p>
   </div>
  </div>
 </body>
</html>
