2564 4200
80 308 178 376 ·73·⁶]

515 310 704 360 CATULLUS.

186 492 294 554 Multo
310 491 355 554 mi
370 500 483 554 tamen
501 512 536 554 es
554 491 649 555 uilior
665 500 699 555 et
715 491 827 555 leuior.

142 595 210 678 Qui
226 595 313 676 potis
331 596 402 658 est?
426 596 543 684 inquis,
593 596 691 678 Quod
708 605 875 658 amantem
892 596 1010 659 iniuria
1026 596 1102 660 talis

185 699 284 783 Cogit
300 720 411 763 amare
427 700 543 782 magis
562 701 622 763 sed
637 700 723 762 bene
740 700 825 763 uelle
841 699 960 763 minus.

579 944 635 1015 73·

140 1085 268 1159 Desine
284 1087 326 1149 de
341 1106 506 1169 quoquam
523 1085 698 1169 quicquam
715 1087 801 1150 bene
817 1086 903 1150 uelle
919 1087 1039 1151 mereri

184 1190 255 1253 Aut
271 1191 413 1274 aliquem
431 1191 502 1252 fieri
518 1211 617 1272 posse
632 1200 749 1272 putare
766 1191 865 1272 pium.

141 1295 264 1358 Omnia
280 1304 357 1358 sunt
374 1295 513 1377 ingrata,
531 1294 613 1357 nihil
629 1294 753 1358 fecisse
769 1295 937 1377 benigne:

185 1400 291 1462 Immo
307 1399 408 1461 etiam
424 1400 547 1472 taedet,
565 1399 677 1461 taedet
694 1400 856 1481 obestque
874 1399 1000 1482 magis:

97 1529 110 1582 5
137 1502 183 1566 Vt
200 1503 289 1577 mihi,
308 1523 405 1586 quern
424 1523 521 1565 neruo
533 1501 668 1583 grauius
685 1522 747 1565 nec
763 1503 914 1566 acerbius
932 1513 1028 1586 urget

184 1607 293 1690 Quam
311 1607 408 1668 niodo
424 1606 480 1688 qui
497 1625 549 1668 me
565 1626 667 1668 unum
685 1616 785 1689 atque
801 1605 937 1670 unicum
954 1607 1096 1671 amicum

226 1711 349 1774 habuit.

80 1903 156 1953 aeter,
166 1896 205 1944 his
215 1896 316 1959 passion
329 1896 459 1943 continues
469 1902 494 1943 to
504 1910 580 1957 grow,

80 1963 132 2010 and
141 1968 303 2009 overmasters
312 1961 351 2009 his
361 1961 501 2023 judgrnent.
532 1962 581 2009 But

80 2027 123 2075 the
150 2028 199 2075 fact
228 2028 282 2075 that
305 2028 337 2074 he
361 2028 504 2088 recognizes
532 2027 581 2074 this

80 2094 162 2141 shows
173 2100 198 2142 at
209 2094 271 2141 least
283 2109 298 2141 a
310 2093 448 2156 possibility
460 2093 488 2140 of
499 2109 580 2140 recov-

80 2174 130 2220 ery.
164 2159 202 2207 Cf.
223 2176 242 2206 c.
264 2158 307 2221 85;
332 2160 388 2207 Ter.
410 2160 481 2206 Eun.
505 2171 536 2221 70
555 2159 579 2206 ff.

80 2242 152 2272 nunc
168 2241 208 2287 ego
224 2231 248 2272 et
264 2226 335 2272 illam
354 2226 474 2272 scelestam
493 2240 540 2271 esse
559 2231 582 2271 et

80 2307 119 2338 me
141 2293 261 2338 miserum
285 2291 363 2338 sentio
386 2298 409 2338 et
430 2291 527 2346 taedet,·
559 2297 583 2337 et

79 2372 165 2404 amore
176 2357 258 2404 ardeo.

114 2433 135 2484 7.
154 2423 228 2485 potis
241 2431 299 2471 est:
319 2439 348 2470 sc.
359 2422 434 2487 fieri,
449 2438 476 2470 as
494 2422 520 2469 in
537 2434 577 2481 42.

82 2488 124 2547 16;
147 2488 290 2550 76.16‚24.
325 2489 399 2551 potIs
418 2489 504 2535 stands
520 2487 580 2535 here

79 2553 166 2601 before
194 2570 209 2602 a
236 2554 316 2602 vowel
346 2554 384 2601 for
412 2561 475 2618 pole,
499 2569 526 2601 as
554 2553 581 2600 in

81 2619 120 2682 76.
134 2633 172 2679 24·

113 2685 136 2734 8.
154 2687 226 2734 bene
255 2686 335 2743 uelle,
364 2693 387 2733 to
416 2693 521 2750 respect,·
551 2686 582 2735 cf.

81 2764 162 2868 7573.
190 2819 213 2865 Α
241 2818 417 2866 disheartened
446 2820 582 2883 complaint

79 2883 233 2946 concerning
266 2885 309 2931 the
343 2885 494 2946 ingratitude
532 2887 582 2934 aud

80 2949 249 2997 faithlessness
271 2950 300 2998 of
322 2967 391 2998 some
415 2951 503 3008 friend,
527 2967 581 3014 per·

78 3016 143 3078 haps
152 3015 180 3062 of
189 3016 288 3064 Caelius
301 3016 387 3074 Rufus,
397 3017 481 3064 whose
494 3017 582 3079 rivalry

79 3081 139 3128 with
162 3082 274 3130 Catullus
297 3083 323 3129 in
343 3082 386 3129 the
407 3083 535 3130 affections
556 3083 584 3130 of

79 3147 172 3194 Lesbia
189 3148 210 3195 is
227 3148 335 3195 referred
355 3154 380 3194 to
398 3148 424 3195 in
436 3164 455 3195 c.
470 3160 507 3211 77.
542 3148 580 3197 Cf.

79 3213 132 3260 also
144 3213 204 3260 Intr.
219 3226 258 3261 21.

116 3291 136 3327 r.
155 3280 306 3342 quicquam
316 3279 430 3326 modifies
439 3281 510 3328 bene
523 3295 580 3328 me-

79 3344 140 3402 reri,
166 3345 241 3392 while
269 3345 341 3392 uelle
371 3346 484 3408 depends
513 3361 581 3409 upon

80 3411 187 3458 desine.

114 3489 136 3522 2.
155 3474 299 3536 aliquem:
327 3475 424 3523 instead
448 3475 477 3523 of
496 3492 579 3539 quem·

79 3557 166 3605 quam,
179 3555 207 3588 as
218 3540 239 3587 if
248 3542 366 3605 repeated
384 3541 449 3590 from
460 3542 503 3590 the
516 3541 580 3590 form

639 1894 668 1942 of
677 1895 756 1942 direct
766 1894 891 1942 discourse
903 1897 1000 1959 aliquis
1002 1896 1069 1962 fieri
1075 1897 1138 1960 pius

633 1961 760 2024 pessit-
768 1961 826 2009 fieri
837 1981 860 2003 :
872 1977 919 2009 esse
925 1978 937 2017 ,·
950 1962 981 2009 cf.
991 1962 1030 2010 80.
1042 1976 1056 2009 2
1056 1963 1137 2028 fiant.

638 2027 766 2089 —pium‚
780 2028 910 2091 grateful;
937 2028 968 2075 cf.
987 2027 1033 2076 Ov.
1060 2030 1136 2075 Trist.

639 2092 668 2138 V.
681 2108 704 2151 4.
717 2105 749 2152 43
756 2099 806 2154 pre
818 2093 908 2155 quibus
919 2093 1104 2158 affirmatsore
1114 2110 1138 2141 se

639 2173 819 2220 memoremque
831 2160 956 2222 piumque
963 2175 974 2214 ,·
992 2160 1043 2207 Cic.
1065 2161 1135 2207 Fam.

638 2224 658 2271 I.
676 2236 699 2283 9.
721 2236 730 2270 1
751 2240 807 2270 cum
827 2225 895 2271 illud
914 2227 996 2287 ipsum
1010 2227 1137 2287 grauissi-

637 2305 707 2336 mum
721 2296 744 2336 et
753 2291 942 2337 sanctissimum
958 2307 1048 2338 nomen
1054 2293 1136 2353 pieta-

636 2357 668 2402 tis
679 2356 763 2402 leuius
774 2356 840 2402 mim·
851 2358 950 2403 meritis
967 2373 1024 2420 erga
1037 2373 1076 2404 me
1086 2359 1137 2405 tuis

636 2437 683 2468 esse
695 2422 823 2470 uideatur.

671 2501 693 2549 3.
712 2489 809 2535 omnia
838 2497 905 2536 sunt
937 2489 1065 2551 ingrata:
1103 2490 1134 2536 cf.

638 2554 717 2601 Plaut.
735 2554 810 2601 Asin.
832 2554 878 2615 136
901 2555 915 2601 f.
937 2556 1040 2617 ingrata
1064 2562 1137 2618 alque

638 2621 718 2667 irrita
743 2636 790 2667 esse
818 2621 905 2667 omnia
936 2622 1045 2682 intellego
1073 2637 1137 2684 quae

636 2686 692 2733 dedi
711 2695 734 2734 et
749 2687 817 2749 qued
832 2687 889 2734 bene
905 2687 965 2751 seci.
1008 2687 1078 2734 With
1096 2688 1135 2734 in·

636 2763 716 2816 grata
728 2754 753 2800 in
768 2753 816 2799 this
830 2768 901 2799 sense
914 2753 945 2799 cf.
959 2752 998 2811 64.
1014 2765 1131 2813 10311.-

633 2821 704 2868 nihil
728 2820 771 2882 (sc.
793 2818 848 2880 est),
868 2819 908 2865 'lis
928 2819 959 2883 os
971 2834 1003 2866 no
1022 2819 1097 2865 avuil
1114 2827 1136 2866 te

632 2886 696 2934 have
719 2886 781 2933 done
805 2886 874 2933 deeds
897 2886 928 2948 os
943 2884 1079 2938 kindness,·
1104 2884 1135 2931 cf.

632 2953 688 3000 Ter.
701 2952 768 2999 And.
786 2965 834 3013 314
848 2951 879 2998 id
886 2955 892 2976 ⁴
901 2950 1006 3013 aliquid
1010 2951 1016 2972 '
1028 2951 1071 2996 nil
1085 2957 1136 3004 est,·

632 3017 684 3065 Cic.
695 3019 766 3066 Fam.
777 3018 837 3064 VII.
850 3030 889 3079 33.
903 3029 912 3063 1
926 3032 969 3063 nos
980 3016 1049 3062 enim
1056 3016 1137 3078 plane

633 3084 704 3131 nihil
712 3099 806 3132 sumus.

666 3162 688 3213 5.
707 3158 738 3197 ut
750 3149 835 3197 mihi:
855 3166 885 3196 sc.
899 3148 965 3195 obest.

666 3215 688 3262 6.
707 3230 796 3264 unum
826 3224 910 3277 atque
942 3214 1073 3262 unicum:
1105 3214 1136 3262 cf.

633 3280 696 3328 Gell.
709 3281 808 3328 XVIII.
820 3296 844 3341 4.
863 3294 877 3328 2
894 3297 918 3328 se
936 3297 1019 3328 unum
1037 3287 1060 3326 et
1076 3281 1136 3327 uni·

632 3362 689 3393 cum
708 3347 818 3393 lectorem
837 3363 901 3401 esse,·
919 3346 993 3409 Apul.
1012 3348 1073 3394 Met.
1092 3346 1135 3393 lv.

633 3424 661 3473 31
674 3412 749 3475 idque
761 3428 843 3460 unum
856 3420 879 3460 et
888 3420 938 3476 pro
950 3413 1067 3459 orrrnr'bus
1076 3413 1136 3460 uni-

632 3494 696 3525 cum.
731 3478 785 3524 The
800 3478 941 3525 successiou
959 3477 987 3524 of
1001 3478 1092 3525 elisons
1110 3479 1136 3525 in

632 3543 682 3591 this
687 3558 756 3592 verse
762 3543 782 3591 is
789 3542 944 3607 noteworthy
950 3557 956 3601 ;
967 3541 997 3590 cf.
1005 3543 1066 3593 Intr.
1073 3543 1135 3593 86a.
