2564 4200
457 281 620 331 CRITICAL
642 283 832 332 APPENDIX.
1120 284 1167 335 233

112 448 154 498 27
174 446 234 496 satis
251 447 342 495 beatus
361 447 383 494 0
399 445 459 494 satis
471 445 597 494 beatus‘G
608 446 689 509 Hcyse
705 446 765 494 satis
781 446 877 495 beatu’s
891 447 975 511 Bergk
990 454 1028 497 sat
1043 447 1064 496 is
1080 448 1168 497 beatus

112 530 273 580 Passeratius
284 536 322 578 sat
334 544 361 577 es
372 529 460 577 beatus
476 529 642 591 Calpurnius.

147 642 208 696 24.
233 645 274 692 No
286 643 400 691 interval
409 642 438 689 in
458 643 485 691 V.
497 642 556 689 -1
575 648 612 690 est
625 641 646 689 O
658 647 695 690 est
711 643 734 690 G
748 643 757 704 ΙΙ
773 642 946 690 uiueneiorum
963 643 1167 692 Oiuuenciorum

117 727 213 776 G.-2
232 725 302 790 qnod
317 725 410 774 V.-4
428 724 462 771 mi
475 724 619 773 dededisses
635 725 701 772 Omi
713 724 825 773 dedisses
841 726 863 773 G
876 726 962 774 Midae
975 726 1087 774 dedisses
1105 728 1167 775 Voss.

112 811 173 859 -5
193 809 234 873 qui
254 811 278 858 V
289 807 333 871 (al'
346 807 386 855 cui
402 807 436 871 G)
455 808 465 869 ΙΙ
480 823 522 855 nec
539 823 625 855 seruus
641 808 662 854 O
674 823 756 871 neque
773 806 818 871 (al'
832 807 891 872 nec)
906 823 992 856 seruus
1008 810 1037 858 G.
1046 810 1107 857 -7
1125 809 1167 873 qui

116 892 217 941 G.-9
235 892 281 939 hec
295 898 322 938 tu
333 906 383 954 qua
394 889 463 938 lubet
479 891 508 938 G.

147 1005 208 1060 25.
233 1008 274 1055 No
286 1007 404 1063 interval,
414 1006 458 1053 hut
463 1006 616 1069 paragraph
629 1005 704 1053 mark
716 1007 745 1053 in
758 1007 862 1069 margin
876 1007 905 1054 in
922 1008 948 1065 V,
957 1007 1017 1055 arith
1030 1007 1166 1071 marginal

112 1091 165 1139 title
177 1091 217 1139 Ad
229 1089 327 1138 Tallum
340 1089 369 1136 in
383 1090 411 1136 G.
420 1116 451 1123 -
460 1089 478 1136 1
491 1089 549 1136 talle
566 1090 591 1137 V.
600 1088 658 1136 -2
672 1088 781 1135 medulla
795 1090 816 1136 G
828 1091 837 1150 l)
850 1089 935 1137 imulla
949 1091 970 1137 0
984 1092 993 1152 ΙΙ
1009 1090 1132 1138 moricula
1145 1090 1167 1137 O

113 1173 235 1221 moricilla
250 1173 272 1220 G
283 1171 378 1219 oricilla
391 1171 510 1234 Scaliger.
519 1171 577 1219 -3
595 1186 762 1218 anrracoroso
774 1187 804 1218 or
820 1187 966 1220 arracoroso
983 1174 1167 1220 Oarancoroso

116 1255 161 1320 (al'
179 1255 312 1320 araneoso)
338 1253 438 1302 o.-4
461 1253 510 1301 tale
532 1254 553 1301 0
570 1252 629 1301 talle
651 1254 745 1302 G.—-5
769 1253 924 1302 mulieraries
944 1254 1102 1319 (afterward
1115 1272 1168 1302 cor-

114 1337 197 1386 rected
211 1344 235 1385 to
252 1336 318 1384 read
330 1336 420 1385 mulier
440 1334 517 1399 aries)
541 1338 651 1384 ostendet
668 1335 802 1384 ossitantes
827 1337 848 1384 0
867 1337 955 1385 mulier
973 1337 1035 1385 alios
1056 1337 1167 1402 (altered

112 1421 184 1486 srom
201 1419 274 1483 alies)
293 1418 337 1483 (al’
350 1434 410 1467 aues
423 1418 454 1467 ul’
467 1417 544 1482 aries)
559 1419 675 1467 ostendet
692 1418 830 1482 (corrected
842 1425 865 1466 to
879 1418 1002 1482 ostendit)
1017 1420 1168 1468 os*citantes

116 1502 190 1564 (wilh
202 1517 216 1550 c
228 1502 329 1550 written
342 1516 400 1549 ouer
411 1503 528 1564 erasure)
547 1502 570 1548 G
581 1501 734 1548 munerarios
745 1502 895 1548 Lachmann
908 1500 1061 1549 mulierarios
1074 1502 1165 1564 Haupt

113 1585 173 1633 luna
193 1585 346 1632 mulierarios
359 1584 438 1646 Heyse
455 1583 596 1631 balnearios
608 1584 689 1633 Riese.
725 1585 808 1646 Many
820 1583 898 1630 others
911 1584 975 1631 have
985 1585 1089 1647 applied
1101 1601 1168 1633 occare

114 1668 229 1730 ocgorous
240 1667 344 1714 necthods
356 1666 558 1732 osemcudation‚
572 1665 629 1712 and
637 1673 680 1728 yet
696 1666 774 1713 others
785 1666 858 1713 thiuh
873 1667 912 1713 the
923 1681 991 1713 verse
1003 1667 1127 1729 spurious.
1135 1693 1168 1702 -

115 1750 133 1799 7
151 1749 282 1797 sathabum
296 1748 533 1811 cathagrophosque
545 1747 629 1795 thinos
645 1747 824 1796 Osaethabum
837 1747 1072 1812 cathagraphosque
1084 1749 1169 1797 thinos

118 1833 147 1880 G.
156 1832 214 1881 -8
231 1832 367 1895 inepteque
384 1831 412 1879 0.
419 1858 452 1866 -
461 1830 480 1879 9
498 1831 586 1878 remite
607 1831 635 1879 0.
644 1857 677 1864 —
687 1830 727 1879 10
744 1830 895 1894 manusque]
915 1831 1028 1895 natisque
1047 1831 1167 1894 Scaliger.

114 1941 147 1950 —
156 1915 195 1963 11
213 1914 294 1962 insula
313 1914 341 1962 V.
352 1941 386 1949 -
395 1913 434 1961 12
452 1913 553 1961 inimica
572 1914 598 1962 V.
607 1940 639 1948 -
649 1913 688 1961 13
708 1915 829 1979 deprensa
845 1914 866 1961 0
877 1913 1034 1976 deprehensa
1050 1915 1079 1962 G.

147 2028 208 2083 26.
232 2031 273 2078 No
291 2029 410 2086 interval,
426 2031 471 2077 hut
485 2031 636 2092 paragraph
657 2029 731 2076 mark
750 2030 779 2076 in
797 2030 901 2092 rreargn'n
920 2030 949 2076 in
977 2031 1004 2087 V,
1020 2031 1078 2077 and
1094 2031 1124 2078 in
1146 2031 1168 2078 G

114 2115 248 2174 marginal
264 2113 316 2161 title
335 2114 377 2161 Ad
401 2112 508 2160 Furium.
521 2113 584 2159 -1
612 2119 688 2159 uestra
714 2112 735 2158 0
754 2111 790 2159 ed.
810 2124 874 2173 1473
895 2112 1019 2159 Heinsius
1038 2113 1168 2160 Baehrens

115 2196 229 2244 Schmidt
248 2203 332 2244 nostra
353 2198 376 2243 G
391 2196 541 2242 lachmann
559 2195 616 2241 arrd
630 2210 709 2256 rooarcy
726 2195 804 2241 others
823 2201 907 2241 nostra
925 2196 1046 2242 Muretus
1065 2195 1169 2257 Lipsius

113 2280 187 2327 Klotz
200 2278 314 2326 Schwabe
325 2279 441 2341 Postgate.
452 2278 512 2326 -2
531 2277 633 2324 ancilleel
642 2278 671 2324 in
688 2278 708 2324 0
724 2278 733 2338 l)
749 2276 843 2324 fauonii
859 2277 958 2325 G.—3
976 2277 1118 2341 apheliotae
1138 2280 1163 2325 V.

113 2389 145 2397 -
156 2363 174 2410 5
193 2361 336 2408 horribilem
352 2360 426 2424 (with
438 2361 479 2408 dot
490 2360 572 2408 under
584 2360 614 2422 h)
633 2361 662 2408 G.

983 2435 986 2456 l

147 2475 208 2530 27.
233 2479 274 2525 No
292 2477 409 2534 interval,
428 2477 472 2523 bul
485 2475 637 2540 paragraph
657 2476 733 2523 rocark
751 2476 780 2523 in
798 2476 901 2538 enargia
921 2477 949 2523 in
975 2477 1078 2534 V‚and
1094 2477 1123 2524 in
1146 2478 1168 2524 G

114 2560 248 2622 marginal
256 2560 309 2606 lille
321 2561 361 2606 Ad
376 2560 520 2622 pincernam
534 2574 612 2606 suum.
622 2558 683 2605 -1
702 2558 788 2605 salerni
802 2559 897 2606 o.-2
917 2558 1036 2619 ingeremi
1050 2559 1167 2620 Oingerc

114 2642 148 2689 mi
164 2644 192 2690 G.
205 2642 266 2690 -3
285 2641 424 2704 posthumis
442 2642 470 2688 G.
482 2641 544 2689 -4
562 2640 658 2688 ebriose
679 2642 703 2688 V
709 2641 740 2704 cs
758 2640 818 2687 Gell.
842 2640 881 2687 VJ.
895 2640 964 2686 eoo
981 2640 1092 2687 Catullus
1107 2657 1167 2702 quo·

114 2740 163 2788 que
180 2724 379 2786 elegantissimus
396 2731 526 2786 poetarum
544 2723 569 2770 in
588 2723 655 2770 hisce
673 2723 784 2770 uersibus
803 2722 933 2769 ‘Minister
948 2759 954 2769 .
968 2758 974 2770 .
989 2758 995 2769 .
1010 2723 1167 2770 ebriosioris'

114 2822 171 2854 cum
190 2806 273 2854 dicere
294 2806 396 2853 ‘ebrio’
418 2812 509 2868 posset,
528 2812 560 2863 et,
578 2807 645 2869 quod
666 2811 718 2852 erat
739 2804 859 2861 usitatius,
880 2804 1010 2851 ‘acinum’
1032 2805 1057 2851 in
1079 2813 1167 2853 neutro

113 2903 205 2950 genere
217 2888 351 2952 appellare,
364 2904 451 2935 amans
464 2895 547 2934 tamen
561 2888 643 2934 hiatus
656 2887 719 2934 illius
732 2886 862 2934 Homerici
875 2886 1031 2944 suauitatem,
1044 2887 1166 2935 ‘ebriam’

113 2970 175 3018 dixit
194 2977 296 3033 propter
317 2970 471 3032 insequentis
490 2971 533 3017 ‘a'
552 2969 648 3017 litterae
668 2975 826 3017 concentum.
867 2968 916 3030 Qui
937 2969 1062 3016 ‘ebriosa'
1084 2977 1166 3017 autem

113 3052 238 3100 Catullum
259 3052 349 3100 dixisse
370 3059 467 3115 putant,
485 3058 527 3099 aut
545 3052 660 3099 ‘ebrioso
669 3052 684 3110 ’‚
699 3067 756 3098 nam
775 3052 799 3099 id
819 3067 917 3114 quoque
937 3058 1030 3099 temere
1048 3052 1167 3114 scriptum

113 3134 247 3192 inuenitur,
259 3135 285 3182 in
302 3135 378 3182 libros
392 3135 486 3183 scilicet
504 3136 535 3182 de
552 3135 674 3198 corruptis
689 3134 871 3197 exemplaribus
884 3134 962 3183 iactos
974 3135 1123 3183 inciderunt.
1134 3162 1167 3171 -

113 3218 132 3266 5
150 3218 183 3265 ad
195 3232 240 3266 uos
252 3217 322 3281 quod
330 3218 398 3265 iubet
415 3219 435 3264 O
447 3218 512 3280 quod
526 3217 594 3265 iubet
610 3218 632 3265 G
647 3218 656 3278 ll
672 3217 766 3280 limphe
786 3219 811 3266 V.
820 3245 854 3253 —
864 3218 882 3265 7
900 3217 1043 3265 thionianus
1062 3219 1088 3266 V.

146 3330 208 3385 28.
232 3335 274 3381 No
294 3332 413 3391 interval,
431 3333 475 3380 bul
489 3322 736 3395 paragraph'marh
755 3334 784 3380 in
803 3334 906 3396 neargin
926 3334 956 3381 in
979 3335 1006 3390 V,
1021 3335 1078 3381 aud
1094 3335 1124 3382 in
1145 3336 1168 3382 G

113 3416 248 3479 marginal
264 3416 317 3467 title
335 3417 375 3464 Ad
396 3415 549 3463 Verannium
570 3415 733 3478 (apparently
750 3417 875 3464 corrected
884 3418 956 3481 from
974 3416 1123 3478 Veranium)
1146 3422 1169 3465 et

113 3497 252 3545 Fabullum.
263 3498 321 3545 -2
340 3498 398 3545 artis
417 3497 539 3545 Schwabe.
547 3525 580 3532 —
589 3499 607 3546 3
626 3496 685 3545 ueri
701 3500 728 3545 0.
741 3525 774 3533 -
783 3499 802 3545 4
820 3499 879 3547 satis
897 3515 928 3547 ue
950 3501 976 3546 0.
984 3525 1017 3534 -
1027 3500 1046 3547 6
1064 3506 1089 3547 et
1106 3500 1166 3563 quid

113 3595 171 3628 uam
194 3581 256 3628 Oet
277 3580 336 3643 quid
358 3596 415 3628 nam
437 3581 482 3642 ΟΙΙ
498 3587 566 3643 patet
585 3581 606 3627 O
623 3588 692 3643 patet
717 3581 816 3630 G.-8
834 3581 860 3629 in
881 3581 970 3629 lucello
991 3583 1121 3630 Heinsius.
1134 3608 1165 3618 -

113 3662 132 3711 9
151 3679 166 3710 o
179 3660 217 3710 me
230 3662 264 3710 mi
280 3663 412 3710 Oomnem
425 3663 458 3710 mi
473 3663 590 3712 G.—10
608 3662 678 3710 trahe
698 3665 722 3711 V
732 3664 741 3724 ΙΙ
757 3670 839 3711 tentus
858 3665 912 3712 Voss
927 3664 936 3725 ΙΙ
951 3664 1081 3726 yrruinasti
1097 3665 1167 3713 O.—

114 3746 154 3794 11
172 3761 259 3807 parum
275 3745 319 3808 (al'
337 3745 404 3807 pari)
424 3747 446 3793 G
460 3746 469 3807 ΙΙ
485 3745 550 3792 fuisti
571 3747 596 3793 V.
607 3773 641 3780 —
650 3745 689 3792 12
709 3761 769 3808 urpa
789 3747 809 3793 0
826 3746 903 3794 uerba
919 3748 947 3794 G.
956 3772 989 3781 -
998 3747 1038 3796 14
1056 3747 1132 3796 nobis
1146 3749 1167 3797 0

114 3827 187 3878 uobis
200 3827 245 3892 (al'
258 3826 344 3891 nobis)
363 3827 385 3875 G
399 3827 409 3890 l
424 3827 459 3876 dii
477 3829 546 3878 V.—
555 3827 594 3877 15
612 3827 707 3877 romule
723 3827 860 3877 Oromulei
875 3829 904 3880 G.
